1801 3066
1287 165 1366 212 457

101 260 282 313 regione
310 259 448 310 pisces
477 254 560 294 hoc
586 255 701 294 malo
730 257 862 294 rarius
892 253 1149 310 afficiuntur,
1183 271 1232 301 ut
1258 275 1368 304 nun-

95 349 222 388 quam
250 333 425 388 ligulam
455 345 682 386 egressam,
711 331 779 370 vel
805 333 853 371 in
879 333 1071 383 vulnere,
1101 338 1234 377 semel
1275 348 1367 380 tan-

94 422 183 450 tum
225 413 271 448 in
313 408 543 448 abdomine
588 407 760 446 brennae
810 406 1062 446 haerentem
1111 413 1363 456 invenerim.

95 485 317 540 Quidquid
346 494 487 523 autem
515 486 582 533 sit,
612 484 792 523 vulnera
820 493 905 523 tam
934 497 958 522 a
986 483 1154 533 Fssaria,
1183 500 1309 539 quam
1339 503 1363 530 ε,

91 561 240 614 Ligula
268 561 393 609 facta,
430 559 549 600 brevi
576 562 795 612 persanari
831 570 1024 599 auctores
1065 573 1212 599 omnes
1251 563 1362 602 exhi-

90 637 207 686 bent,
239 650 334 674 cum
362 635 605 675 vulneribus
635 639 954 690 gangraenosis'.
985 639 1030 675 in
1059 635 1242 676 hominis
1272 642 1361 678 ani-

90 711 316 751 maliumve
353 714 560 751 intestinis
591 711 727 751 obviis
758 722 800 751 et
833 726 915 765 per
944 726 1114 768 menses
1152 715 1258 766 quin
1286 727 1359 753 an-

90 801 170 826 nos
198 787 391 836 residuis,
426 790 676 841 neutiquam
713 789 1001 840 comparanda
1036 790 1227 838 veniunt,
1265 799 1357 831 tan-

92 873 244 916 taeque
261 865 417 902 iterum
441 863 573 903 cladis
602 878 766 905 vermes
789 878 976 904 caussam
991 876 1083 904 non
1100 877 1206 913 esse,
1224 863 1357 904 abun-

91 939 145 976 de
181 937 377 990 probant.
443 939 570 979 Conf.
619 942 748 979 etiam
796 953 906 994 quae
955 940 1009 1001 de
1047 940 1187 979 Oestri
1224 930 1370 981 larvis

89 1014 358 1054 subcutaneis
385 1015 431 1054 in
459 1015 562 1067 Cap.
590 1014 726 1055 XXII.
757 1016 794 1068 ξ.
822 1028 861 1055 2.
888 1014 1026 1054 retuli.

660 1163 698 1212 §-
725 1167 765 1209 5·

198 1258 469 1302 Tubercula
501 1269 549 1302 et
581 1272 925 1320 aneurysmaca
955 1262 1243 1315 verminosa.

189 1388 380 1429 Scirrhos
407 1402 531 1428 veros
560 1390 752 1428 entozois
790 1388 999 1430 habitatos
1036 1402 1254 1444 nunquam
1283 1404 1350 1430 re-

89 1468 199 1519 peri,
230 1476 272 1504 et
291 1466 673 1519 degenerationem
701 1474 744 1503 et
764 1465 968 1504 duritiem·
982 1465 1155 1504 illorum
1173 1467 1349 1504 nimiam

87 1555 179 1580 esse
209 1540 480 1588 crediderim,
509 1554 636 1593 quam
665 1543 738 1593 qui
765 1539 870 1580 haec
896 1541 1048 1580 fovere
1075 1551 1245 1594 queant.
1281 1541 1350 1593 Ip-

86 1618 140 1654 sis
169 1615 317 1654 saltem
352 1618 399 1655 in
432 1614 682 1654 animalibus
724 1619 835 1665 (tam
872 1616 1178 1665 mammalibus,
1222 1628 1349 1669 quam
1392 1600 1395 1601 ⁷

87 1690 246 1739 avibus,
273 1703 354 1729 nec
372 1694 536 1744 paucis)
566 1690 718 1746 quibus
736 1691 888 1731 scirrhi
909 1702 1043 1741 erant,
1072 1691 1163 1731 aliis
1190 1693 1237 1730 in
1255 1703 1351 1743 par-

88 1766 198 1805 tibus
227 1770 391 1806 vermes
419 1770 577 1819 reperi,
605 1780 734 1819 saepe
760 1769 1023 1818 innumeros,
1050 1777 1099 1806 ut
1117 1766 1169 1806 ab
1196 1765 1347 1805 horum

90 1842 263 1881 defectu
289 1854 381 1880 non
406 1843 678 1894 pependerit.

129 1941 136 1944 «
195 1918 279 1957 Alii
309 1932 332 1956 e
361 1927 511 1957 contra
538 1927 725 1958 tumores
762 1927 805 1958 et
830 1918 1052 1958 tubercula
1084 1917 1276 1970 plurimis
1304 1917 1350 1955 in

87 1994 278 2046 partibus
299 1994 437 2043 obvia,
465 1997 710 2046 saepissime
729 1995 940 2034 vermibus
960 2004 1135 2043 scatent,
1165 2006 1350 2047 quorum

90 2070 282 2127 exempla
311 2073 437 2110 etiam
474 2071 590 2123 apud
624 2081 816 2110 auctores
852 2069 976 2123 plura
1005 2079 1178 2119 exstant,
1215 2069 1349 2119 (conf.

87 2145 193 2185 Bibl.
220 2155 350 2187 nostr.
377 2160 421 2188 11.
450 2161 528 2200 279
552 2171 605 2179 —
631 2152 737 2196 282.)
767 2157 809 2186 et
837 2147 891 2186 de
919 2146 1068 2200 quibus
1096 2146 1212 2184 Mor
1222 2158 1349 2198 gag-

88 2223 232 2270 nius,
267 2225 539 2264 Anatomicus
582 2237 780 2271 summus,
817 2222 940 2272 (Bibl.
977 2234 1020 2260 n.
1055 2222 1137 2273 51.)
1175 2222 1348 2274 egregie

93 2298 272 2338 disserit.
323 2301 372 2340 ln
400 2301 576 2339 homine
601 2302 734 2340 rarius
763 2298 1023 2347 exhibentur,
1053 2306 1096 2336 et
1121 2297 1296 2335 nonnisi
1322 2309 1347 2335 a

92 2374 400 2414 Treutlero
437 2377 565 2427 (Diss.
600 2376 707 2416 Bibl.
742 2388 785 2418 n.
821 2380 883 2427 74.
920 2388 961 2426 p.
1004 2378 1081 2424 10.)
1119 2370 1347 2426 glandulae

92 2447 363 2491 bronchiales
390 2454 468 2492 viri
495 2455 643 2507 viginti
673 2462 771 2493 octo
802 2464 934 2491 annos
962 2451 1065 2501 nati,
1093 2450 1275 2502 majores
1305 2457 1347 2488 et
