1801 3066
1294 161 1345 208 45

213 279 386 317 Annexa
430 281 600 326 quoque
645 237 1001 306 M⁸ercurialis
1049 267 1243 303 tractatui
1290 266 1344 305 de

137 367 372 410 puerorum
398 347 568 388 morbis.
628 340 822 382 Francos.
857 342 968 389 1584·
991 343 1027 381 8.
1066 343 1136 380 Bo
1153 340 1210 380 eh
1226 355 1346 380 mer.

218 431 380 469 Recusa
420 427 483 461 in:
543 419 783 458 Fabricii
831 415 1121 456 Bibliothecae
1169 433 1344 471 graecae

140 506 234 546 Vol.
262 503 350 542 XII.
380 515 419 553 p.
450 497 662 539 602-613.
691 495 715 519 ’ξ

219 581 286 619 De
323 577 509 616 latorum
554 572 844 626 longitudine:
904 585 1032 623 saepe
1070 581 1205 609 tantas
1247 585 1353 620 esse,

140 667 188 696 ut
215 670 294 709 per
325 664 461 693 totum
483 652 761 703 porrigantur
789 649 1054 694 intestinum3
1105 662 1248 685 curam
1279 647 1353 686 sub

143 743 252 772 statu
291 727 430 768 febrili
462 737 504 765 et
533 737 752 781 apyreuco
787 725 1026 778 distinguit;
1056 726 1236 777 ‚species
1266 731 1354 761 tres

143 809 335 861 vulgares
365 813 569 842 recenset.

93 899 156 941 99.
186 882 416 923 Arabum
453 879 583 918 libros
623 879 822 918 conferre
847 878 990 932 liguae
1020 880 1233 931 imperitia
1257 891 1360 929 pro·

145 960 300 1007 hibuit,
351 969 458 1010 quae
498 954 755 994 Hallerus
805 964 945 993 autem
990 957 1062 1006 (iu
1102 954 1200 992 bibl.
1249 953 1357 992 med.

145 1039 311 1091 pmcn),
342 1036 373 1070 V
391 1030 637 1072 elschius
667 1031 738 1083 (de
756 1044 866 1069 vena
888 1031 1142 1083 medinensi)
1174 1040 1215 1069 et
1239 1030 1362 1069 Cle-

147 1116 298 1152 ricus
338 1113 404 1162 (in
431 1108 617 1148 latorum
645 1096 951 1146 lumbricorum
982 1107 1179 1159 historia)
1220 1121 1270 1146 ex
1295 1109 1364 1144 iis-

150 1189 249 1228 dem
279 1185 538 1233 retulerunt,
568 1182 935 1237 helminthologici
964 1187 1203 1239 argumenti
1229 1198 1366 1236 pauca

149 1267 289 1303 inesse
319 1263 488 1302 docent.
531 1261 689 1300 Tribus
718 1263 925 1300 vermium
953 1261 1256 1300 intestinalium
1275 1274 1368 1313 spe-

152 1343 296 1380 ciebus
333 1337 576 1391 vulgaribus
617 1348 660 1375 et
687 1351 712 1374 a
739 1338 962 1375 Veteribus
993 1341 1202 1388 receptis,
1246 1350 1372 1389 quar-

156 1425 242 1454 tam
270 1413 322 1452 ab
351 1414 633 1452 Avicenna
668 1424 893 1463 perperam
936 1411 1123 1450 additam
1152 1425 1268 1461 esse,
1304 1416 1372 1450 vix

155 1492 307 1544 negari
333 1498 487 1540 potest.
528 1489 701 1540 Longos
729 1490 927 1524 nimirum
955 1501 1133 1541 magnos
1164 1500 1205 1528 et
1226 1500 1374 1528 rotun-

158 1566 258 1609 dos;
284 1563 417 1608 latos;
445 1575 578 1616 grana
608 1562 870 1601 cuein-bitina
898 1572 941 1600 et
961 1575 1113 1613 parvos
1138 1565 1374 1618 distinguit;

157 1641 274 1680 idem
303 1651 426 1678 error
456 1651 480 1676 a
507 1638 824 1690 Serapione
854 1641 1099 1678 commissus
1121 1639 1303 1688 videtur,
1335 1650 1377 1679 et

158 1726 432 1771 posterorum
445 1714 619 1767 plurimi
637 1715 795 1753 deinde
809 1713 995 1754 latorum
1012 1715 1212 1754 articulos
1236 1719 1379 1770 singu-

160 1778 227 1832 los
258 1802 464 1839 excretos,
494 1805 569 1830 seu
598 1805 730 1845 grana
760 1790 1038 1840 cucurbitina,
1067 1807 1148 1844 pro
1170 1798 1378 1833 vermium

165 1871 307 1922 specie
335 1868 539 1921 peculiari
567 1865 818 1906 habuerunt.
876 1867 1090 1907 Clerici
1132 1869 1208 1909 hac
1249 1872 1302 1910 de
1333 1886 1379 1911 re

167 1947 426 1999 conjectura,
456 1958 540 1997 qua
559 1958 657 1982 usus
682 1945 1014 1984 Avicennam
1045 1947 1269 1999 exculpare
1290 1959 1381 1987 ten-

119 2026 133 2033 *
167 2033 247 2070 tat,
278 2021 386 2061 conf,
418 2023 504 2072 ejus
534 2018 624 2059 hist.
652 2020 722 2058 lat.
751 2019 902 2060 lumbr.
930 2034 971 2074 p.
1000 2027 1148 2064 12-16.
1177 2023 1279 2063 mihi
1303 2025 1383 2064 sal-

167 2109 254 2139 tem
282 2109 372 2136 non
400 2097 570 2136 arridet.
637 2098 795 2137 Vermis
827 2109 968 2138 autem
996 2114 1098 2139 vere
1128 2103 1382 2157 prodigiosi,

168 2177 215 2215 in
243 2159 488 2228 regionibus
525 2176 699 2213 torridis
730 2174 805 2213 sub
834 2174 1018 2215 hominis
1049 2188 1144 2216 cute
1174 2178 1384 2231 degentis,

170 2250 349 2290 Filariae
377 2260 481 2302 puta
508 2252 782 2300 medfflensis,
812 2254 1086 2292 Avicenn'a
1113 2257 1224 2293 inter
1251 2256 1388 2294 medi-

176 2338 247 2364 cos
275 2329 434 2377 primus
464 2331 728 2367 mentionem
758 2329 881 2379 fecit,
924 2331 1193 2383 eundemque
1221 2334 1280 2370 ita
1310 2333 1387 2371 de-

175 2403 366 2453 scripsit,
410 2413 458 2441 ut
497 2405 720 2444 animalem
748 2409 867 2448 istius
894 2417 1090 2449 naturam
1117 2415 1388 2462 perspectam

178 2475 374 2516 habuisse
407 2489 559 2531 pateat.
