1801 3066
1234 169 1311 201 221

617 263 651 312 ς.
707 267 745 307 5-

301 362 842 421 Acanclzoceplzalorum
877 358 1057 417 fibrae.

152 491 547 545 Echinorltynclms
576 493 740 543 Gigas,
780 492 1150 545 frequentissimus
1197 502 1237 530 et
1265 496 1312 532 si-

51 572 139 612 mul
166 573 389 618 maximus,
440 569 680 609 Ascaridem
708 567 1033 606 lumbricoidem
1069 581 1194 620 saepe
1230 580 1315 608 ma-

51 647 271 701 gnitudine
307 658 506 698 superans
523 671 537 692 ,
587 653 817 682 structurae
853 657 1012 698 generis
1042 644 1317 697 exponendae

52 722 244 774 exemplo
283 724 347 761 sit.
417 721 466 759 In
502 733 682 771 corpore
711 719 880 759 animali
914 723 947 759 si
973 723 1202 773 reperitur,
1249 734 1316 759 ae-

53 812 136 851 que
175 812 224 837 ac
253 799 379 837 ceteri
403 795 760 849 Echinorhynchi,
808 799 1097 852 rugosissimus
1126 806 1315 849 apparet,

50 884 99 912 ut
126 875 198 913 cel.
253 874 425 912 Pallas·
452 883 533 925 pro
560 873 719 912 Taenia
745 875 1013 925 imposuerit,
1052 884 1092 913 et
1118 873 1315 912 facillime

51 963 131 1003 pro
160 950 231 988 tali
269 948 414 988 haberi
451 951 596 1001 possit.
669 950 815 1002 Rugae
851 961 995 987 omnes
1024 951 1314 988 transversales
1346 957 1358 968 ⁸

53 1036 166 1074 sunt,
212 1039 292 1065 nec
337 1024 707 1080 longitudinalium
754 1039 828 1064 seu
859 1033 1070 1063 costarum
1098 1027 1317 1079 vestigium

53 1110 246 1155 apparet,
292 1100 381 1141 nisi*
408 1104 615 1156 margines
644 1104 792 1140 vermis
824 1100 1001 1153 collapsi
1030 1110 1070 1139 et
1106 1102 1223 1153 plani
1258 1104 1316 1140 ita

51 1191 202 1218 vocare
228 1179 340 1218 velis,
393 1179 541 1231 Aquae
578 1180 611 1217 si
637 1179 895 1226 immittitur,
941 1190 1094 1231 rugae,
1137 1189 1319 1231 corpore

55 1255 224 1309 turgido
255 1265 296 1294 et
322 1255 427 1293 laevi
446 1255 581 1302 facto,
609 1268 781 1306 prorsus
801 1263 1061 1293 evanescunt.
1117 1256 1223 1294 Cute
1238 1255 1319 1294 dis-

53 1340 166 1370 secta
193 1340 234 1369 et
260 1331 464 1382 replicata
494 1329 691 1368 fibrarum
711 1329 1043 1368 transversalium
1062 1328 1202 1368 eidem
1217 1343 1318 1382 pro·

55 1409 165 1444 xime
196 1405 501 1455 subjacentium
549 1415 589 1443 et
628 1405 861 1445 validarum
907 1413 1032 1443 strata
1064 1407 1108 1442 in
1143 1419 1318 1457 conspe-

56 1492 168 1520 ctum
198 1484 393 1528 veniunt,
431 1479 491 1518 his
525 1493 624 1519 vero
655 1481 830 1519 discissis
867 1480 1192 1533 longitudinales
1219 1495 1317 1534 pro·
1368 1515 1371 1517 .

56 1557 235 1604 duntur,
278 1560 490 1603 internae,
521 1555 809 1609 longissimae,
850 1556 979 1593 dense
1013 1556 1202 1608 undique
1237 1556 1317 1597 sibi

55 1635 294 1686 appositae,
334 1640 471 1669 cutem
512 1631 780 1683 scriptoribus
825 1631 1075 1684 quibusdam
1110 1633 1317 1671 internam

28 1693 208 1747 'dictam
237 1707 390 1760 procul
418 1706 548 1746 dubio
576 1707 819 1755 formantes,
848 1722 947 1747 nam
975 1711 1161 1747 tunicam
1188 1711 1316 1748 inter-

54 1797 153 1825 nam
179 1785 398 1835 propriam
425 1796 514 1822 non
539 1785 720 1822 invenio.
777 1786 810 1822 A
839 1784 952 1822 fibris
978 1787 1062 1823 istis
1089 1784 1316 1839 longitudi-

2 1892 4 1895 ,
53 1859 216 1899 rialibus
243 1860 311 1899 fila
339 1859 566 1899 cellulosae
591 1862 719 1898 instar
746 1861 791 1898 in
810 1869 949 1912 partes
971 1870 1185 1908 contentas
1215 1875 1316 1915 qua-

53 1949 278 1991 quaversus
315 1935 533 1983 abeuntia,
578 1948 658 1975 nec
700 1948 789 1974 non
827 1936 1004 1974 musculi
1047 1936 1314 1988 proboscidis

53 2014 243 2066 vaginam
271 2011 494 2066 dirigentes
544 2012 625 2062 (de
659 2011 810 2065 quibus
848 2015 892 2050 in
929 2014 1067 2064 capite
1093 2017 1307 2065 proximo)

52 2097 194 2128 ortum
221 2087 412 2135 trahunt,
450 2101 524 2127 seu
561 2088 784 2127 decedunt.

160 2162 302 2203 Fibras
330 2164 652 2219 longitudinales
683 2178 705 2203 a
722 2163 1058 2204 transversalibus
1086 2175 1312 2218 separatas,

55 2251 136 2281 :nec
163 2238 236 2278 has
266 2240 317 2280 ab
345 2240 445 2289 illis,
483 2251 529 2280 ut
555 2244 599 2280 in
627 2241 916 2289 Ascaridibus,
946 2241 1229 2296 Strongylisve
1254 2242 1312 2290 fit,

55 2318 304 2368 interruptas
332 2319 515 2366 mireris,
552 2318 653 2356 inde
682 2326 820 2359 autem
836 2330 958 2372 rugas
976 2316 1313 2372 Echinorhynchi

59 2405 210 2445 corpus
246 2399 389 2430 totum
424 2393 672 2441 ambientes,
719 2394 860 2447 quales
905 2396 950 2433 in
989 2393 1186 2436 teretibus
1221 2408 1312 2435 non

50 2477 307 2519 (occurrunt,
338 2468 528 2522 explices.
553 2469 701 2511 Fibrae
724 2473 835 2511 enim
856 2469 1181 2525 longitudinales
1208 2472 1312 2514 dum
