1801 3066
1282 174 1356 222 421

97 275 163 316 vel
191 275 371 329 liquoris
400 273 579 314 enterici
606 270 731 320 boni,
760 276 966 311 menstrui
994 274 1193 329 legitimi,
1224 290 1360 316 secre-

44 390 46 393 ,
94 340 158 390 'tio
189 353 335 405 augeri
364 358 565 402 nequeat,
597 349 932 399 optimeaetamen
961 351 1172 401 succedit,
1203 364 1225 389 e
1257 365 1359 390 con-

98 436 161 465 tra
190 435 346 473 autem,
376 422 531 478 quibus
559 422 746 477 plurimi,
776 421 960 475 digestio
979 425 1218 474 saepissime
1245 409 1358 467 laesa

95 498 284 539 habetur.

197 576 379 616 Piscium
421 578 623 618 intestina
658 588 788 615 muco
835 573 1099 614 abundantia
1145 577 1356 627 ejusmodi

93 651 264 690 stimulo
294 654 546 704 praesertim
573 651 770 705 indigere
798 660 1133 704 supposuerunt,
1161 650 1238 688 sed
1264 664 1357 689 mu-

94 739 166 764 cus
195 728 240 765 in
269 730 378 767 sanis
406 741 499 766 non
531 726 734 776 abundat,
765 736 808 765 et
835 728 869 764 si
898 736 1034 765 totam
1063 723 1216 764 canalis
1246 723 1357 763 ciba·

91 804 143 840 rii
171 803 438 854 superficiem
455 804 668 842 internam
688 801 845 840 eodem
867 800 1113 852 obductam,
1145 813 1241 838 cum
1263 813 1357 837 ver-

88 876 226 917 mibus
251 880 492 929 saepissime
509 877 577 916 vel
596 878 779 915 minimis
799 877 867 915 vel
883 879 1044 928 paucis,
1075 875 1205 928 quid?
1235 874 1356 928 quod

88 966 181 992 non
209 966 306 992 raro
336 966 424 991 uno
457 953 701 1005 eodemque
737 952 833 990 loco
863 951 1152 989 immobilibus
1180 951 1221 1000 Ek)
1258 951 1354 988 visis

90 1041 330 1080 comparas,
365 1041 446 1066 nec
474 1027 532 1065 ibi
561 1029 847 1066 irritationem
874 1028 1018 1080 magni
1048 1025 1355 1065 aestimandam

86 1102 181 1143 fore
209 1105 412 1157 invenies.
468 1103 674 1142 Intestina
700 1115 802 1141 vero
826 1104 975 1155 quoyis
1004 1104 1048 1139 in
1076 1099 1257 1140 animale
1287 1113 1354 1139 01·-

86 1181 266 1236 ganismi
293 1187 460 1231 partem
488 1191 577 1216 esse
605 1179 755 1226 vivam,
783 1177 934 1216 iisdem
965 1190 1012 1221 ac
1036 1177 1220 1230 reliquas
1246 1176 1354 1230 legi-

81 1254 163 1294 ·bus
191 1265 355 1294 motam
384 1263 428 1292 et
456 1255 656 1301 activam,
693 1265 775 1293 nec
803 1265 903 1291 sane
931 1250 1193 1306 ignobilem,
1235 1253 1352 1304 cogi-

88 1329 236 1378 tando,
266 1344 289 1367 a
319 1343 418 1368 casu
445 1327 555 1368 hanc
581 1327 774 1380 pendere
793 1340 1016 1381 nunquam
1037 1337 1215 1365 statuas:
1244 1339 1352 1377 pen-

87 1404 210 1443 deret
246 1415 412 1454 autem,
460 1407 492 1442 si
521 1406 750 1452 vermium,
797 1405 1026 1457 organismi
1060 1412 1226 1454 partem
1258 1413 1352 1440 non.

88 1482 468 1529 constituentium,
511 1481 589 1518 sed
626 1492 706 1531 pro
740 1489 934 1530 tempore
962 1477 1245 1529 utplurimum
1273 1474 1352 1514 ob-

84 1557 253 1594 viorum
281 1557 536 1604 irritatione,
568 1555 621 1593 ad
651 1555 831 1592 eandem
854 1553 1122 1605 dirigendam
1151 1565 1259 1603 opus
1289 1564 1352 1588 es-

84 1640 158 1668 set.
216 1630 266 1668 In
286 1629 496 1668 Salmonis
526 1630 728 1682 equidem
757 1629 908 1667 Salaris
939 1626 1245 1679 appendicibus
1273 1639 1351 1679 py-

83 1705 226 1744 loricis
243 1707 423 1745 Taenias
449 1702 856 1758 (Bothriocephalos
884 1702 1213 1755 proboscidem)
1240 1699 1352 1739 nun-

86 1795 214 1834 quam
237 1781 487 1828 desideravi,
515 1781 592 1818 sed
618 1782 743 1831 piscis
772 1783 850 1818 iste
869 1779 1008 1818 vernis
1039 1789 1204 1817 tantu-m
1231 1788 1369 1834 men-¹

84 1855 197 1894 sibus
238 1856 292 1894 ad
319 1856 463 1894 littora
490 1865 636 1893 nostra
675 1855 927 1906 appellitur,
968 1865 1011 1893 et
1045 1866 1151 1892 num
1177 1853 1348 1905 reliquo

85 1935 213 1977 etiam
243 1933 341 1970 anni
382 1942 579 1982 tempore
618 1931 789 1969 easdem
816 1930 976 1978 foveat,
1021 1942 1090 1967 me
1128 1928 1259 1982 fngit;
1301 1930 1349 1967 in

84 2011 214 2047 trium
253 2007 398 2046 saltem
438 2007 691 2044 sturionum
731 2016 888 2044 aestate
929 2006 1208 2044 dissectorum
1240 2015 1347 2055 pan-

85 2094 224 2123 create
253 2086 312 2122 sic
341 2084 480 2131 dicto,
520 2081 826 2135 appendicibus
866 2081 945 2135 illis
974 2080 1160 2133 analogo
1202 2089 1244 2117 et
1271 2077 1347 2117 h-u-

176 2243 216 2285 ‘)
249 2240 340 2275 Inde
380 2241 489 2275 etiam
529 2240 596 2274 cel.
630 2239 950 2289 Spallanzani
993 2236 1206 2284 (Versuche
1253 2235 1345 2271 iiber

84 2299 148 2334 das
174 2297 612 2344 Verdauungsgeschafte,
657 2299 698 2332 A.
725 2297 760 2332 d.
786 2299 914 2332 Franz.
948 2296 1076 2344 Leipz.
1107 2302 1208 2342 1785.
1243 2301 1277 2337 8.
1305 2309 1342 2343 p,

85 2358 210 2404 129.),
251 2355 315 2403 qui
347 2355 684 2404 Echinorhynchis,
724 2355 876 2404 Cyprini
920 2353 1116 2403 Carpionis
1157 2354 1343 2388 ventricu-
1381 2348 1403 2383 s

84 2415 162 2449 lum
196 2425 232 2449 et
264 2413 437 2449 intestina
481 2414 759 2455 obsidentibus,
794 2425 961 2449 naturam
995 2411 1191 2447 animalem
1228 2411 1343 2452 deue-

83 2483 202 2520 garet,
229 2482 433 2508 commotus
457 2470 539 2512 fuit.
