1801 3066
1238 195 1318 244 483

48 304 112 333 cte
134 293 329 342 stabilita,
348 293 533 333 medicus
556 294 600 330 in
629 302 726 330 casu
746 289 923 329 sanabili
942 293 1168 345 pharmaca
1188 311 1315 351 opem

45 372 223 410 ferentia
251 371 372 409 facile
399 372 598 415 inveniet,
631 368 779 406 eadem
802 376 942 405 autem
971 372 1166 423 neglecta,
1198 387 1317 414 aran.

0 438 8 444 ’
48 449 105 486 do
137 457 208 486 aut
237 448 318 485 alio
349 458 608 500 quocunque
636 444 768 482 modo
801 452 1022 496 quaestum
1051 446 1193 496 faciat,
1229 465 1316 490 me-

47 525 130 563 dici
168 526 277 562 enim
316 526 477 561 muneri
513 521 688 560 ferendo
724 523 879 571 impar,
916 520 1174 575 nomineque
1211 540 1317 565 sem..

44 614 121 653 per
149 601 343 653 indignus
375 601 462 636 erit.

127 677 261 714 Multa
291 680 441 713 iterum
471 672 981 711 antihelminthica·sensu
1002 676 1197 713 strictiori
1226 690 1314 716 non

45 764 162 800 sunt,
203 765 365 790 vermes
405 760 543 789 tamen
583 748 822 800 depellunt,
860 754 1103 801 praesertim
1142 754 1314 805 quando

45 841 183 868 motus
212 829 378 867 febriles
408 836 479 865 aut
507 828 669 877 spastici
698 828 951 864 universales
991 829 1218 877 accedunt,
1248 830 1315 868 vel

45 916 184 945 motus
215 905 305 943 tubi
334 903 474 942 cibarii
497 901 771 954 peristalticus
792 905 1079 955 maximopere
1096 906 1314 952 increscit;

46 983 126 1021 alia
169 995 266 1020 vero
309 980 513 1018 diathesin
552 981 830 1016 verminosam
864 977 1041 1026 tollunt,
1069 980 1136 1018 vel
1165 994 1315 1020 eorum

45 1061 185 1113 genesi
214 1067 255 1095 et
284 1056 556 1094 cumulationi
585 1053 765 1099 obstant,
796 1066 906 1105 quae
924 1056 1114 1102 seorsim,
1145 1070 1226 1109 qua
1246 1059 1315 1097 fie-

43 1139 78 1173 ri
105 1136 249 1186 possit,
277 1131 475 1170 brevitate
495 1143 801 1170 enumeremus.
855 1129 1151 1180 Experimenta
1174 1143 1314 1173 autem

46 1225 142 1250 cum
171 1211 354 1249 entozois
384 1210 483 1259 ipsis
513 1216 632 1259 capta
659 1207 932 1258 praemittere
959 1205 1087 1245 lubet.

615 1308 650 1356 §-
707 1318 744 1344 2.

220 1407 569 1466 Experimenca
594 1421 699 1447 cum
719 1406 950 1448 Encozois
976 1419 1135 1466 capta.

123 1515 311 1553 Entozoa
341 1512 391 1551 ab
423 1513 593 1551 homine
622 1512 686 1551 vel
717 1512 856 1551 bestiis
879 1513 1053 1563 dejecta,
1083 1512 1150 1551 vel
1168 1515 1211 1552 in
1231 1515 1312 1554 dis-

44 1593 164 1630 sectis
205 1599 385 1641 reperta,
425 1602 502 1639 per
539 1589 714 1641 aliquod
753 1598 916 1639 tempus
952 1591 1045 1627 viva
1075 1594 1312 1629 conservari

42 1675 234 1720 possunt.
292 1667 416 1718 Quae
444 1667 488 1702 in
518 1664 766 1702 animalibus
797 1668 996 1718 sanguine
1027 1665 1164 1703 calido
1193 1675 1311 1704 uten-

42 1743 151 1781 tibus
175 1751 415 1786 occurrunt,
436 1754 525 1779 non
542 1744 620 1780 nisi
647 1747 690 1779 in
719 1755 843 1794 aqna
873 1740 1031 1794 tepida
1058 1744 1184 1780 vitam
1214 1755 1313 1782 con—

44 1827 224 1865 servant,
243 1820 288 1854 in
305 1815 493 1868 frigida
519 1815 802 1868 obrigescunt,
834 1827 873 1855 et
892 1818 1043 1870 hyeme
1062 1821 1311 1869 praeprimis

44 1899 160 1933 citius
185 1902 420 1931 enecantur.
477 1894 643 1930 Aestate
670 1893 864 1946 frigidam
883 1893 1042 1931 facilius
1070 1893 1225 1941 ferunt,
1247 1895 1312 1933 vel

43 1981 184 2010 motus
216 1978 375 2007 tantum
403 1982 481 2007 nec
509 1970 617 2006 vitae
647 1972 830 2020 expertia
858 1970 1009 2018 jacent,
1039 1978 1087 2006 ut
1114 1970 1169 2008 de
1188 1971 1312 2010 Asca-

42 2048 133 2086 ri‘de
161 2049 242 2084 suis
264 2046 542 2084 lurribricoide
562 2059 638 2097 per
657 2046 960 2100 nycthemeron
977 2049 1021 2084 in
1042 2045 1193 2100 frigida
1214 2059 1312 2086 ςοῑι-Δ

0 2107 1 2126 :
45 2133 229 2169 servata,
271 2121 475 2160 immobili
513 2122 588 2160 sed
623 2135 711 2160 non
748 2132 914 2161 mortua
948 2125 991 2161 in
1021 2123 1121 2175 Cap.
1151 2122 1180 2161 I.
1210 2126 1245 2173 ς.
1275 2138 1312 2162 z.

45 2202 222 2239 narravi.
277 2198 491 2237 Ascarides
522 2198 726 2236 osculatas
754 2199 855 2236 mihi
885 2199 1033 2245 dictas,
1072 2201 1116 2237 in
1143 2200 1311 2239 Phocae

44 2275 242 2315 vitulinae
272 2275 409 2327 pridie
445 2277 610 2314 occisae
635 2275 870 2314 ventriculo
902 2275 1058 2314 vividas
1087 2279 1240 2327 reperi,
1271 2285 1312 2314 et

44 2355 88 2390 in
118 2365 227 2405 aqua
255 2344 380 2389 furno
417 2364 540 2390 mane
579 2360 620 2390 et
655 2352 823 2391 modice
861 2351 1062 2390 calefacto
1100 2352 1311 2404 imposita,

46 2428 249 2481 quasdam
296 2432 359 2478 24,
399 2428 496 2466 alias
535 2429 589 2467 56
625 2427 765 2474 horas,
808 2441 964 2479 paucas
1009 2428 1161 2466 diutius
1198 2441 1311 2467 vivas

47 2507 303 2552 conservavi,
332 2504 427 2543 licet
451 2513 597 2544 noctes
636 2503 890 2555 (Novembri
918 2506 1084 2556 mense)
1115 2505 1212 2542 satis
1241 2504 1311 2542 fri-

759 2578 835 2618 Hh
866 2593 888 2616 2.
