1801 3066
55 252 100 292 51

1275 155 1323 194 27

110 276 118 285 .
160 246 233 285 Jo.
274 246 420 297 Bapt.
466 244 759 296 Morgagni
798 242 1015 293 Epistolae
1065 249 1325 286 anatomicae

111 323 421 376 duodeviginti.
464 320 602 360 Patav.
663 318 776 369 1764.
810 317 884 356 fol.
931 318 956 343 ’κ
997 320 1239 370 (Editiones
1287 333 1328 361 et

109 413 245 451 opera
272 397 437 449 reliqua
467 394 581 446 apud
612 393 888 433 Hallerum
920 395 1231 449 conserantur.)
1276 398 1327 436 In

109 476 242 527 Epist.
281 473 354 511 IX.
405 481 481 509 art.
520 471 687 521 44-46.
731 470 824 510 fuse
861 472 915 510 de
955 471 1184 510 tuberculis
1226 477 1326 512 scir-

109 549 244 588 rhosis
285 551 330 586 in
359 562 508 587 canum
537 546 784 600 oesophago
817 559 858 586 et
888 550 1039 587 arteria
1068 562 1222 602 magna
1253 550 1326 588 ob·

107 628 183 664 viis
212 625 451 664 vermiculis
481 626 711 675 (quantum
739 622 842 661 mihi
871 625 1057 673 videtur,
1089 625 1325 680 Strongylis

107 699 462 756 trigonocephalis
499 697 600 737 mihi
641 700 783 752 dictis)
832 700 1029 753 repletis,
1076 715 1187 755 quae
1230 716 1325 741 cum

109 778 306 817 similibus
346 786 493 814 aortae
534 778 713 828 equinae
753 778 989 816 tumoribus
1025 780 1273 817 verminosis
1304 792 1327 816 a

107 852 354 891 Schulzio
396 863 446 890 et
482 851 758 907 Ruyschio
802 855 983 904 repertis
1012 864 1128 892 recte
1157 868 1327 906 compa-

105 940 189 976 rat,
227 929 329 967 olim
358 930 437 968 sibi
473 932 534 982 (in
565 930 867 982 animadvers.)
899 943 982 981 pro
1014 929 1225 983 glandulis
1255 930 1325 970 ha-

106 1005 204 1045 bita.
273 1006 325 1045 In
362 1009 480 1057 epist.
520 1006 636 1044 XIV.
676 1016 751 1048 art.
789 1014 853 1057 42.
927 1004 1325 1058 Trichocephalum,

59 1091 63 1093 ’
105 1095 232 1135 quem
260 1086 423 1135 posteri
463 1093 603 1121 tamen
630 1083 965 1121 Roederero
1006 1093 1047 1121 et
1074 1082 1325 1136 Waglero

107 1160 444 1211 adscripserunt,
479 1163 534 1197 in
565 1172 696 1197 coeco
728 1170 769 1197 et
799 1160 1039 1211 appendi-ce
1068 1161 1327 1199 vermiformi

108 1250 132 1274 a
157 1250 201 1274 se
231 1237 445 1275 detectum
472 1235 681 1275 describit.
728 1236 777 1275 In
797 1251 912 1289 sequ.
935 1235 1119 1274 articulis
1136 1242 1327 1287 43—58.

105 1315 244 1351 varios
273 1316 490 1352 variorum
534 1313 776 1351 animalium
805 1326 970 1351 vermes
1000 1316 1152 1366 tangit;
1197 1313 1330 1351 multa

110 1389 165 1427 de
194 1390 372 1435 Taenia,
402 1401 529 1440 quam
550 1390 722 1424 unicum
744 1401 834 1426 esse
855 1388 1011 1424 animal
1033 1397 1183 1426 contra
1213 1387 1329 1426 Val-

105 1463 420 1503 lisnierium
450 1465 610 1513 optime
639 1462 805 1512 probat.

53 1545 118 1584 52.
145 1540 168 1577 J
180 1552 204 1576 o
217 1538 255 1574 h.
298 1540 332 1577 L
345 1553 366 1576 e
377 1551 401 1575 o
413 1552 442 1575 n
453 1536 493 1574 h.
540 1537 570 1573 F
583 1538 654 1575 ris
668 1536 723 1574 ch
765 1539 899 1575 varias
945 1538 1328 1578 dissertatiunculas

83 1782 119 1807 8-

106 1614 161 1654 ob
190 1612 489 1668 hypothesium
516 1614 563 1652 in
588 1613 743 1652 iisdem
774 1613 1048 1652 defensarum
1074 1626 1232 1653 nexum
1262 1613 1331 1653 hic

108 1690 308 1730 collectas
336 1693 452 1731 sist0.

159 1768 228 1806 De
256 1767 425 1805 Taeniis
453 1768 498 1805 in
525 1767 733 1805 Anserum
761 1768 980 1804 intestinis.
1036 1767 1221 1806 Miscell.
1250 1769 1332 1805 Be-

161 1842 240 1880 rol.
268 1844 320 1881 T.
347 1842 419 1880 ΙΙΙ.
446 1857 491 1895 p.
520 1848 586 1893 42.
614 1843 640 1869 ’ἴ
708 1843 889 1881 Anseres
918 1845 1043 1881 variis
1072 1843 1176 1882 locis
1207 1844 1332 1883 adve-

165 1928 253 1957 ctos
277 1919 448 1957 Taeniis
479 1929 640 1958 scatere
669 1919 790 1968 vidit,
819 1918 978 1957 malum
1006 1922 1150 1972 itaque
1182 1921 1331 1972 epide—

162 1997 320 2033 micum
345 1994 473 2035 fuisse
502 1993 747 2035 hariolatur.

83 2071 125 2111 b.
161 2073 229 2111 De
258 2073 430 2110 Taeniis
463 2074 508 2110 in
544 2071 744 2124 piscibus.
782 2071 839 2111 ib.
867 2085 908 2123 p.
937 2076 1000 2122 45.
1033 2072 1058 2097 ‘k
1112 2073 1161 2111 In
1191 2076 1330 2114 omni-

165 2147 242 2187 bus
271 2148 441 2196 adesse,
472 2149 526 2187 de
554 2147 704 2202 Ligula
732 2150 780 2188 in
805 2147 946 2187 Blicca
976 2159 1018 2187 et
1045 2150 1212 2189 Brama.

89 2235 125 2261 c.
163 2223 351 2279 Vestigia
387 2228 670 2278 generationis
701 2226 962 2264 Taeniarum
999 2228 1086 2264 sive
1125 2227 1333 2265 vermium

166 2298 348 2339 latorum
386 2304 430 2339 in
467 2301 652 2353 piscibus
693 2313 736 2341 et
772 2300 929 2342 avibus.
997 2302 1105 2340 Item
1143 2302 1197 2341 de
1223 2302 1331 2341 lum-

171 2373 295 2413 bricis
325 2386 366 2414 et
393 2380 538 2416 taeniis
568 2380 615 2418 in
643 2378 866 2431 superficie
895 2377 1058 2430 hepatis
1087 2380 1268 2430 piscium
1291 2387 1333 2416 et

169 2454 364 2491 murium.
392 2451 449 2492 ib.
476 2467 520 2505 p.
547 2456 710 2508 44-46.
739 2456 764 2480 *
815 2455 875 2494 Ex
901 2455 1106 2494 Ascaride
1143 2455 1332 2506 disrupta
