1801 3066
1300 127 1372 181 471

115 230 257 269 sertim
287 242 466 268 nervoso
497 230 643 282 generi
673 227 973 286 adscribendos
1004 233 1260 286 sympathice
1291 238 1373 273 ori-

113 306 163 348 ri,
190 305 343 344 medici
371 305 551 357 professi
579 314 684 342 sunt.
1187 290 1190 293 ⁴

217 381 400 419 Primum
430 380 549 432 quod
579 382 739 430 attinet,
767 382 900 436 nostri
936 382 1131 432 equidem
1171 387 1260 424 aevi
1287 400 1374 424 me-

113 456 214 494 dicis
250 455 379 510 longe
417 456 609 508 plurimis
655 455 776 495 aliter
815 455 1113 505 sentientibus,
1157 462 1187 496 is
1231 472 1372 501 tamen

109 535 354 584 neutiquam
383 547 487 582 sum,
518 535 590 585 qui
609 530 807 570 humores
836 534 974 570 vitiari
1001 546 1140 584 posse,
1172 545 1241 572 aut
1259 550 1371 574 mor-

108 605 185 645 bos
204 605 443 648 humorales
466 609 570 657 dari,
599 622 762 661 negem.
819 608 1077 661 Sanguinem
1097 619 1367 662 aegrotorum

107 687 247 722 manui
288 684 473 738 chirurgi
513 682 757 722 vulneratae
795 670 1039 735 adspersum
1077 683 1219 723 ulcera
1259 689 1368 725 ciere

107 762 270 811 saepius
293 760 616 815 observavimus,
647 758 775 813 quid?
803 759 922 811 quod.
949 760 1230 800 transfusione
1259 762 1369 801 facta

105 838 353 889 sanguinem
383 837 481 887 equi
508 833 662 873 malleo
693 833 867 873 humido
896 833 1124 875 laboiantis
1155 837 1278 887 alteri
1304 837 1367 889 ve]

105 914 222 949 asino
262 910 649 959 sano'immissum,
700 910 885 948 eundem
928 914 1132 950 excitasse
1171 912 1369 951 morbum

105 988 321 1031 novimum
353 997 394 1025 et
421 989 493 1039 qui
520 986 643 1043 plura
672 984 772 1023 velit
793 985 997 1037 exempla,
1029 986 1369 1027 exanthematum

100 1060 348 1109 naturalem,
386 1063 684 1113 variorumque
712 1062 953 1111 insitionem
994 1060 1266 1112 artificialem,
1304 1077 1369 1102 ra-

99 1136 210 1175 biem
241 1138 431 1174 caninam
461 1147 503 1189 et
541 1135 663 1187 hujus
703 1140 868 1190 generis
909 1137 1073 1192 reliqua
1110 1138 1364 1193 perpendat,

96 1213 197 1250 Non
223 1221 365 1263 potest
391 1213 535 1264 itaque
563 1211 668 1261 fieri,
697 1215 800 1265 quin
821 1216 995 1266 sanguis
1026 1200 1150 1261 variis
1178 1216 1223 1263 in
1251 1227 1365 1267 mor-

97 1287 158 1326 bis
188 1300 459 1339 summopere
490 1287 687 1327 alteratus
716 1290 780 1336 sit,
811 1287 1024 1341 ,talemque
1060 1303 1097 1327 v.
1128 1303 1162 1327 c.
1191 1290 1236 1326 in
1263 1286 1366 1326 mal-

57 1368 59 1371 ’
95 1362 165 1402 leo
194 1361 370 1402 humido
399 1365 647 1415 reperimus,
687 1362 948 1416 utphabitum
986 1363 1170 1403 alienum
1199 1361 1366 1412 offerat,

94 1452 174 1477 nec
200 1441 281 1477 nisi
310 1436 554 1477 difficillime
585 1449 626 1477 et
652 1437 761 1478 male
791 1439 998 1493 coagulet.
1070 1441 1184 1479 Dum
1221 1449 1364 1493 ‘autem

92 1511 396 1567 pathologiam,
427 1527 552 1566 quam
574 1514 731 1563 dicunt,
759 1513 1037 1563 humoralem,
1066 1515 1175 1554 bene
1191 1514 1365 1573 quidem

93 1591 342 1638 restrictam,
380 1602 609 1640 perperam
645 1603 749 1628 vero
801 1593 975 1630 omnino
1019 1592 1247 1642 sepositam
1295 1586 1364 1627 vel

95 1663 309 1703 oblivione
350 1677 537 1715 pressam
568 1679 671 1714 esse,
712 1665 943 1721 contendo,
984 1664 1158 1705 morbos
1198 1664 1361 1704 idcirco

88 1737 334 1794 ‚humorales
364 1753 387 1777 a
414 1739 627 1795 vermibus
650 1742 855 1793 oriundos
884 1743 1055 1779 minime
1074 1738 1361 1792 probaverim,

95 1812 196 1853 tales
228 1816 340 1865 enim
367 1827 447 1852 nec
475 1814 639 1865 dantur,
667 1829 746 1863 nec
775 1817 867 1854 dari
891 1825 1083 1869 pos-sunt.

198 1889 242 1926 Si
269 1891 494 1941 scriptores
525 1893 730 1933 vermium
760 1893 920 1930 saniem
955 1901 1125 1944 putrem
1166 1900 1359 1928 accusan-

94 1978 169 2015 tes,
200 1964 332 2018 qualis
360 1963 462 2007 haec
483 1968 549 2009 sit,
581 1969 906 2020 interrogamus,
936 1980 1027 2005 rem
1054 1979 1271 2018 nunquam
1293 1977 1357 2002 ex-

92 2042 265 2094 plicant,
292 2054 433 2094 neque
463 2042 709 2094 explicaturi
736 2052 847 2091 sunt,
877 2041 953 2081 sed
982 2040 1197 2094 generalia
1230 2052 1356 2100 quae-

93 2119 190 2158 dam
217 2118 336 2157 vultu
354 2120 613 2172 [mysterioso
654 2117 853 2169 p1·oferre
892 2126 1098 2171 satagunt.
1166 2115 1356 2154 Putredi-

92 2206 190 2232 nem
216 2207 367 2235 veram·
387 2195 432 2233 in
455 2207 643 2246 ,corpore
682 2195 779 2232 vivo
818 2205 906 2241 non
944 2194 1121 2231 existere
1161 2204 1301 2244 posse,
1331 2203 1353 2227 a

93 2269 401 2310 recentioribus
431 2270 766 2310 demonstratum
783 2279 857 2317 est,
887 2268 963 2308 sed
991 2270 1063 2321 qui
1083 2261 1244 2306 vermes
1261 2278 1352 2303 san-

94 2346 265 2397 guinem
294 2345 534 2395 putredine,
563 2348 596 2383 si
624 2345 714 2383 talis
743 2344 818 2383 sub
848 2346 929 2383 vita
955 2343 1049 2384 dari
1075 2343 1223 2394 possit,
1263 2338 1353 2378 affi-

95 2421 204 2458 ciant
233 2433 366 2473 aeque
399 2435 552 2474 parum
590 2420 851 2476 intelligitur.
916 2419 1114 2474 Quidam,
1156 2419 1351 2469 interque
