1801 3066
424 244 599 301 phalum
626 242 967 304 Echinorhynchi
995 243 1182 296 speciem
1210 243 1358 290 tradit;
1401 245 1648 288 Aseni-idem

423 322 750 365 lumbricoidem
780 337 803 362 a
831 320 1096 362 vermiculari
1124 333 1283 373 genere
1312 321 1551 376 distinguit,
1599 312 1664 366 il-v

423 397 510 440 Iam
548 398 819 442 Lumbricum
864 395 1148 435 intestinalem
1184 407 1309 436 vocat
1353 407 1395 436 et
1433 412 1529 438 cum
1565 409 1650 438 ter·-

422 477 547 519 restri
576 465 815 529 conjungit;
844 472 1078 512 Fasciolam
1107 472 1343 525 hepaticam
1371 473 1546 529 Ligulae
1577 488 1649 526 ap·

421 555 569 607 ponit,
617 552 694 590 hac
730 553 775 589 in
812 563 860 587 re
900 550 1193 588 Linnaeum
1238 561 1417 590 secutus.
1492 550 1650 604 Quoad

424 630 632 671 Taeniam
681 642 729 665 ex
776 624 1032 665 animalculis
1080 629 1366 666 concatenatis
1423 625 1648 666 conflatam

407 703 750 745 ‘'Vallisnieri
789 700 990 740 defensor
1022 705 1271 742 novissimus
1315 714 1357 743 et
1390 705 1647 755 inopinatus.

423 781 470 821 In
503 779 757 820 editionibus
787 788 930 816 tamen
957 779 1276 831 insequentibus
1320 790 1445 833 caput
1474 780 1529 819 de
1556 793 1650 818 ver-

421 857 560 895 mibus
591 856 646 895 ad
674 857 959 896 recentiorum
988 865 1172 894 mentem
1202 859 1463 908 composuit,
1500 858 1545 894 in
1572 869 1649 894 no-

424 935 588 973 vissima
629 933 800 970 tandem
835 945 1024 971 vermem
1059 946 1081 970 a
1110 947 1154 971 se
1184 933 1420 983 detectum,
1469 935 1648 972 maxime

424 1007 750 1050 memorabilem
780 1005 1138 1060 (Echinococcum
1169 1009 1416 1059 erraticum)
1446 1009 1621 1049 addidit.

378 1086 437 1127 16.
475 1087 688 1129 Marcus
727 1084 945 1125 Elieser
981 1083 1200 1124 Bloch's
1240 1083 1527 1137 Abhandlung
1563 1098 1649 1123 von

428 1163 506 1201 der
541 1163 794 1217 Erzeugung
836 1163 913 1202 der
947 1161 1408 1216 Eingeweidewfirmer
1444 1160 1536 1200 und
1565 1160 1649 1201 den

425 1239 595 1284 Mitteln
622 1240 757 1284 wider
797 1238 1030 1282 dieselben.
1110 1238 1217 1277 Eine
1253 1251 1339 1277 von
1372 1238 1450 1276 der
1475 1235 1647 1290 Konigl.

423 1314 666 1357 Danischen
696 1317 879 1354 SocIeta't
909 1316 986 1354 der
1012 1313 1368 1355 Wissenschaften
1400 1329 1451 1353 zu
1480 1314 1650 1364 Copen-

425 1390 567 1446 hagen
595 1391 806 1445 gekronte
836 1390 1111 1430 Preisschrift.
1153 1391 1236 1433 Mit
1267 1404 1313 1428 10
1340 1388 1649 1441 Kupfertafeln.

369 1509 373 1512 ,
423 1466 569 1519 {Berlin
602 1473 712 1517 1782.
743 1469 808 1516 54.
837 1467 877 1504 S.
906 1470 944 1520 4
972 1467 1012 1507 ‘³‘-

573 1542 624 1580 V
620 1543 731 1578 ersio
766 1542 940 1591 gallica
953 1553 970 1580 :²
1025 1538 1173 1580 Traite
1219 1541 1274 1580 de
1319 1541 1361 1579 la
1400 1537 1651 1594 generation

479 1618 553 1658 des
582 1630 676 1659 vers
707 1615 781 1654 des
809 1618 998 1655 intestins
1028 1626 1070 1654 et
1100 1617 1172 1656 des
1201 1616 1455 1670 vermifuges
1483 1631 1563 1670 par
1585 1618 1650 1657 M.

477 1692 666 1740 Bloch,
696 1693 802 1732 trad.
835 1693 889 1731 de
915 1691 1173 1731 Tallemand.
1222 1694 1336 1732 Avec
1363 1694 1405 1731 X
1432 1692 1649 1745 planehes.

478 1769 595 1814 Suivi
625 1769 724 1808 d'un
751 1764 890 1824 precis
921 1768 979 1808 du
1007 1771 1248 1809 traiternent
1285 1780 1435 1813 contre
1471 1768 1532 1808 les
1562 1779 1649 1809 tae-

479 1847 552 1886 nia
586 1841 733 1900 publi&
780 1858 859 1899 par
901 1845 1029 1886 ordre
1067 1847 1123 1885 du
1164 1845 1258 1885 Roi.
1323 1842 1347 1886 ἐι
1393 1845 1650 1902 Strasbourg

482 1928 595 1976 1788.
630 1935 701 1973 127
729 1936 771 1973 p.
800 1924 845 1962 in
871 1928 910 1969 8.
938 1925 1084 1965 icones
1113 1926 1157 1963 in
1184 1927 1270 1977 4t0.
1297 1923 1324 1949 ’κ

577 1998 696 2056 Opus
735 1998 864 2040 laude
902 2000 1089 2054 dignum.
1151 2001 1328 2043 Vermes
1375 2003 1420 2042 in
1460 1999 1570 2039 latos
1609 2009 1651 2039 et

479 2085 635 2122 teretes
683 2074 859 2122 dividit:
914 2079 1025 2120 inter
1064 2076 1158 2115 illos
1203 2076 1380 2131 Ligula,
1435 2075 1648 2124 Fasciola,

479 2153 670 2198 Taenia:
725 2154 838 2197 inter
884 2150 960 2196 hos
999 2155 1167 2196 Vermis
1203 2153 1470 2203 vesicularis,
1525 2149 1649 2192 Echi-

479 2227 768 2289 norhynchus,
795 2230 959 2273 Ascaris
988 2228 1249 2277 intestinalis,
1278 2228 1508 2280 Trichuris,
1538 2229 1649 2267 Gor-

482 2305 600 2354 dius,
652 2303 1007 2366 Chariophyllus,
1054 2305 1293 2359 Ququlanus
1334 2315 1376 2349 et
1410 2304 1551 2346 Chaos
1585 2308 1650 2351 in*

479 2381 683 2426 testinalis
741 2383 1072 2438 (intestinale)
1119 2382 1197 2438 (ad
1243 2380 1459 2439 Phytozoa
1507 2392 1648 2427 tamen,

479 2460 725 2524 pertinens)
763 2458 958 2510 militant.
1040 2461 1132 2512 Nec
1167 2459 1335 2502 ordines
1370 2473 1454 2502 nec
1489 2469 1648 2513 genera
