1801 3066
1257 130 1335 182 575

69 245 195 285 quam
234 246 381 269 verum
409 232 603 270 Distoma
642 243 686 267 se
715 230 867 269 vidisse
896 233 1209 282 probaverunt,
1257 235 1334 274 sed

65 305 321 362 hypothesin
360 316 541 353 tantum,
588 319 765 358 eamque
803 306 958 346 nullius
995 313 1199 348 momenti
1234 324 1332 362 pro-

67 383 214 422 tulere.

145 460 471 498 Observationes
501 460 643 510 itaque
686 470 825 498 certae
856 470 897 498 et
923 457 1126 497 indubiae
1157 461 1209 499 de
1238 477 1329 502 ver-

64 535 198 573 mibus
229 533 494 582 animalium,
530 536 576 571 111
606 538 722 587 aquis
752 536 818 574 vel
849 535 930 574 alio
961 535 1058 575 loco
1094 545 1207 574 extra
1236 552 1328 576 cor-

61 624 138 662 pus
170 610 347 648 animale
376 610 725 662 provenientibus
762 615 935 650 minime
971 611 1204 660 habentur,
1249 627 1327 652 nec

11 716 20 722 ,
61 701 247 739 unquam
287 685 432 726 haberi
473 700 601 737 posse
641 698 861 728 auctorum
902 685 1327 728 omnium'recentio-

60 776 155 809 rum
185 765 390 802 sententia
421 772 482 801 est
511 768 766 816 argumentis
798 766 966 816 optimis
997 762 1179 804 suffulta.
1224 766 1325 803 Ani-

60 838 233 877 malium
261 842 463 893 sanguiue
504 840 640 879 calido
669 842 962 893 praeditorum
998 855 1161 880 vermes
1193 840 1324 895 frigus

59 917 230 954 minime
260 904 455 965 tolerant,
487 927 600 956 extra
630 931 784 969 corpus
815 917 996 956 animale
1014 927 1197 956 mortem
1218 931 1323 972 ergo

60 993 257 1030 citissime
285 993 485 1052 subeant,
513 1008 686 1033 necesse
717 973 801 1040 esst,
839 1007 966 1046 quam
994 993 1049 1031 ad
1077 1007 1168 1032 rem
1196 995 1321 1033 Bei-
1360 1000 1363 1003 ’

57 1070 164 1106 reis
195 1071 378 1108 animum
406 1083 495 1107 non
527 1070 716 1118 attendit,
746 1069 847 1108 dum
874 1069 1119 1109 Ascaridem
1148 1069 1321 1109 lumbri-

58 1145 222 1182 coidem
251 1143 433 1184 hominis
463 1147 540 1186 sub
568 1147 728 1201 frigore
751 1144 922 1186 hiemali
944 1149 987 1184 in
1013 1159 1121 1198 aqua
1144 1146 1319 1186 fontana

55 1224 197 1260 vivere
225 1236 350 1273 posse
380 1233 577 1262 autumat.
645 1225 735 1263 Nec
771 1224 943 1276 quidem
972 1236 1140 1262 vermes
1165 1225 1249 1262 vivi
1276 1225 1322 1262 in

54 1287 210 1350 aquam
237 1297 475 1347 ferrentur,
512 1300 613 1339 dum
644 1301 731 1337 ae‘ri
761 1301 938 1351 expositi
966 1300 1162 1337 citissime
1189 1301 1319 1337 mori-

55 1384 189 1411 antur.
233 1372 382 1412 Filaria
411 1374 664 1414 medinensis
690 1374 889 1427 equidem
911 1387 1065 1425 corpus
1088 1384 1183 1412 ante
1205 1388 1319 1412 mor-

54 1458 140 1487 tem
170 1449 467 1502 derelinquere
498 1461 653 1499 tentat,
691 1451 767 1488 sed
795 1449 871 1489 sub
897 1452 1051 1488 itinere
1080 1451 1248 1504 rigescit
1278 1459 1318 1488 et

52 1524 141 1562 fato
171 1525 427 1573 succumbit,
454 1540 535 1564 1166
560 1525 709 1579 Ligula
738 1535 851 1563 certe
881 1539 1065 1576 corpore
1091 1527 1215 1580 piscis
1245 1525 1318 1564 de·
1374 1542 1379 1543 ⁷

51 1600 200 1639 relicto
223 1604 355 1645 vitam
390 1600 522 1655 longe
549 1599 801 1654 protrahere
839 1600 1006 1640 valebit.
1074 1601 1160 1653 Qui
1190 1602 1316 1638 etiam

53 1691 216 1717 vermes
253 1677 457 1729 pabulum
486 1691 723 1732 congruum
753 1687 824 1716 aut
848 1676 992 1717 Iocum
1022 1678 1173 1715 amisso
1205 1678 1316 1714 simi-

51 1752 137 1792 lem
158 1755 403 1795 inveniant?
431 1755 474 1792 Si
495 1768 658 1793 vermes
683 1765 796 1792 extra
817 1766 972 1804 corpus
994 1752 1173 1792 animale
1197 1753 1317 1794 ades-

51 1840 159 1879 sent,
187 1830 388 1883 idemque
419 1833 672 1870 extrinsecus
699 1833 924 1874 intrarent,
954 1829 1138 1867 maximo
1168 1829 1316 1867 adesse

52 1906 260 1946 deberent
287 1919 493 1955 numero,
534 1916 575 1944 et
603 1908 844 1958 saepissime
874 1915 988 1943 certo
1029 1914 1314 1951 occurrerent,

52 1986 280 2035 omniaque
311 1992 381 2022 aut
406 1981 537 2035 longe
563 1981 748 2034 plurima
773 1984 1014 2034 promiscue
1043 1981 1207 2020 adirent
1229 1983 1314 2019 ani-

49 2059 198 2106 malia;
243 2073 323 2098 :nec
350 2059 542 2098 Entozoa
571 2068 824 2097 structuram
852 2056 1059 2111 offerrent
1087 2071 1111 2096 a
1139 2056 1312 2109 reliquis

51 2124 266 2177 vermibus¹
282 2136 618 2185 diversissimam,
647 2136 766 2189 quod
784 2144 977 2175 naturam
996 2136 1162 2188 privam
1184 2132 1314 2174 abun·

54 2213 108 2252 de
138 2213 411 2251 demonstrat-

131 2288 320 2338 Argum.
348 2289 398 2329 II.
448 2288 499 2328 V
494 2302 635 2327 ermes
643 2316 659 2334 ,
689 2289 846 2343 quales
871 2289 921 2325 im
949 2285 1221 2325 animalibus
1247 2299 1314 2324 re-

206 2363 472 2416 periantur,
517 2374 651 2409 extra
688 2364 849 2403 eadem
885 2377 979 2400 non
1014 2363 1310 2413 reperiuntur,

211 2437 293 2477 sed
319 2439 369 2476 in.
395 2441 529 2493 aquis
540 2442 711 2494 forsan
739 2449 820 2479 auc
839 2449 960 2479 terra
983 2437 1193 2490 degentes
1213 2439 1313 2476 alia
