<?xml version="1.0" encoding="UTF-8"?>
<!DOCTYPE html PUBLIC "-//W3C//DTD XHTML 1.0 Transitional//EN"
    "http://www.w3.org/TR/xhtml1/DTD/xhtml1-transitional.dtd">
<html xmlns="http://www.w3.org/1999/xhtml" xml:lang="en" lang="en">
 <head>
  <title>
</title>
<meta http-equiv="Content-Type" content="text/html;charset=utf-8" />
  <meta name='ocr-system' content='tesseract 3.04.00' />
  <meta name='ocr-capabilities' content='ocr_page ocr_carea ocr_par ocr_line ocrx_word'/>
</head>
<body>
  <div class='ocr_page' id='page_1' title='image "./entozoorumsiveve11808rudo_0463.png"; bbox 0 0 1801 3066; ppageno 0'>
   <div class='ocr_carea' id='block_1_1' title="bbox 7 179 1315 2535">
    <p class='ocr_par' dir='ltr' id='par_1_1' title="bbox 26 179 1285 406">
     <span class='ocr_line' id='line_1_1' title="bbox 1201 179 1284 229; baseline 0.024 -2"><span class='ocrx_word' id='word_1_1' title='bbox 1201 179 1284 229; x_wconf 64' lang='lat'>429</span> 
     </span>
     <span class='ocr_line' id='line_1_2' title="bbox 27 275 1285 332; baseline -0.008 -1"><span class='ocrx_word' id='word_1_2' title='bbox 27 290 216 331; x_wconf 75' lang='lat' dir='ltr'>intestini</span> <span class='ocrx_word' id='word_1_3' title='bbox 243 301 341 327; x_wconf 85' lang='lat' dir='ltr'>mox</span> <span class='ocrx_word' id='word_1_4' title='bbox 367 287 521 324; x_wconf 79' lang='lat' dir='ltr'>iterum</span> <span class='ocrx_word' id='word_1_5' title='bbox 549 281 718 320; x_wconf 77' lang='lat' dir='ltr'>tunicae</span> <span class='ocrx_word' id='word_1_6' title='bbox 746 279 1105 332; x_wconf 61' lang='lat' dir='ltr'>approximantur,</span> <span class='ocrx_word' id='word_1_7' title='bbox 1135 285 1177 320; x_wconf 79' lang='lat' dir='ltr'>et</span> <span class='ocrx_word' id='word_1_8' title='bbox 1194 275 1285 321; x_wconf 74' lang='lat' dir='ltr'>vul·</span> 
     </span>
     <span class='ocr_line' id='line_1_3' title="bbox 26 354 980 406; baseline -0.016 0"><span class='ocrx_word' id='word_1_9' title='bbox 26 365 250 406; x_wconf 82' lang='lat' dir='ltr'>nusculum</span> <span class='ocrx_word' id='word_1_10' title='bbox 279 360 572 401; x_wconf 83' lang='lat' dir='ltr'>contractione</span> <span class='ocrx_word' id='word_1_11' title='bbox 601 355 731 402; x_wconf 75' lang='lat' dir='ltr'>sacta,</span> <span class='ocrx_word' id='word_1_12' title='bbox 761 354 980 393; x_wconf 79' lang='lat' dir='ltr'>clauditur.</span> 
     </span>
    </p>

    <p class='ocr_par' dir='ltr' id='par_1_2' title="bbox 27 434 1304 1605">
     <span class='ocr_line' id='line_1_4' title="bbox 134 434 1289 483; baseline -0.009 -5"><span class='ocrx_word' id='word_1_13' title='bbox 134 440 184 478; x_wconf 91' lang='grc' dir='ltr'>Π.</span> <span class='ocrx_word' id='word_1_14' title='bbox 211 439 471 475; x_wconf 66' lang='lat' dir='ltr'>Discomaca</span> <span class='ocrx_word' id='word_1_15' title='bbox 506 434 748 471; x_wconf 83' lang='lat' dir='ltr'>intestinum</span> <span class='ocrx_word' id='word_1_16' title='bbox 790 440 1044 483; x_wconf 77' lang='lat' dir='ltr'>transgressa</span> <span class='ocrx_word' id='word_1_17' title='bbox 1072 441 1289 483; x_wconf 79' lang='lat' dir='ltr'>nunquam</span> 
     </span>
     <span class='ocr_line' id='line_1_5' title="bbox 27 501 1292 563; baseline -0.009 -9"><span class='ocrx_word' id='word_1_18' title='bbox 27 515 129 558; x_wconf 52' lang='lat' dir='ltr'>ridi.</span> <span class='ocrx_word' id='word_1_19' title='bbox 190 514 247 551; x_wconf 83' lang='lat' dir='ltr'>D.</span> <span class='ocrx_word' id='word_1_20' title='bbox 274 513 416 563; x_wconf 69' lang='lat' dir='ltr'>fet-osc</span> <span class='ocrx_word' id='word_1_21' title='bbox 462 517 619 557; x_wconf 83' lang='lat' dir='ltr'>tamen,</span> <span class='ocrx_word' id='word_1_22' title='bbox 663 506 783 559; x_wconf 88' lang='lat' dir='ltr'>quod</span> <span class='ocrx_word' id='word_1_23' title='bbox 808 501 907 543; x_wconf 60' lang='lat' dir='ltr'>mihi</span> <span class='ocrx_word' id='word_1_24' title='bbox 939 504 1096 542; x_wconf 82' lang='lat' dir='ltr'>dictum</span> <span class='ocrx_word' id='word_1_25' title='bbox 1134 516 1208 552; x_wconf 84' lang='lat' dir='ltr'>est,</span> <span class='ocrx_word' id='word_1_26' title='bbox 1243 507 1292 543; x_wconf 82' lang='lat' dir='ltr'>in</span> 
     </span>
     <span class='ocr_line' id='line_1_6' title="bbox 28 579 1292 631; baseline -0.009 -1"><span class='ocrx_word' id='word_1_27' title='bbox 28 590 199 631; x_wconf 77' lang='lat' dir='ltr'>&#39;Ardeae</span> <span class='ocrx_word' id='word_1_28' title='bbox 227 587 431 625; x_wconf 78' lang='lat' dir='ltr'>Ciconiae</span> <span class='ocrx_word' id='word_1_29' title='bbox 469 583 572 621; x_wconf 90' lang='lat' dir='ltr'>tubo</span> <span class='ocrx_word' id='word_1_30' title='bbox 610 581 769 621; x_wconf 77' lang='lat' dir='ltr'>cibario</span> <span class='ocrx_word' id='word_1_31' title='bbox 806 579 1020 628; x_wconf 77' lang='lat' dir='ltr'>nidulans,</span> <span class='ocrx_word' id='word_1_32' title='bbox 1065 581 1209 619; x_wconf 77' lang='lat' dir='ltr'>fove-as</span> <span class='ocrx_word' id='word_1_33' title='bbox 1246 586 1292 620; x_wconf 82' lang='lat' dir='ltr'>in</span> 
     </span>
     <span class='ocr_line' id='line_1_7' title="bbox 32 654 1292 710; baseline -0.008 -6"><span class='ocrx_word' id='word_1_34' title='bbox 32 665 192 704; x_wconf 81' lang='lat' dir='ltr'>eodem</span> <span class='ocrx_word' id='word_1_35' title='bbox 219 662 297 701; x_wconf 86' lang='lat' dir='ltr'>sibi</span> <span class='ocrx_word' id='word_1_36' title='bbox 325 660 451 707; x_wconf 83' lang='lat' dir='ltr'>fodit,</span> <span class='ocrx_word' id='word_1_37' title='bbox 480 656 630 710; x_wconf 84' lang='lat' dir='ltr'>quibus</span> <span class='ocrx_word' id='word_1_38' title='bbox 661 666 796 694; x_wconf 87' lang='lat' dir='ltr'>toturn</span> <span class='ocrx_word' id='word_1_39' title='bbox 816 654 1066 704; x_wconf 80' lang='lat' dir='ltr'>occultatur,</span> <span class='ocrx_word' id='word_1_40' title='bbox 1095 669 1292 709; x_wconf 79' lang='lat' dir='ltr'>quarum·</span> 
     </span>
     <span class='ocr_line' id='line_1_8' title="bbox 34 731 1295 793; baseline -0.006 -15"><span class='ocrx_word' id='word_1_41' title='bbox 34 753 119 793; x_wconf 82' lang='lat' dir='ltr'>que</span> <span class='ocrx_word' id='word_1_42' title='bbox 146 740 356 791; x_wconf 80' lang='lat' dir='ltr'>margines</span> <span class='ocrx_word' id='word_1_43' title='bbox 387 731 616 772; x_wconf 81' lang='lat' dir='ltr'>duriusculi</span> <span class='ocrx_word' id='word_1_44' title='bbox 645 740 820 779; x_wconf 80' lang='lat' dir='ltr'>exstant,</span> <span class='ocrx_word' id='word_1_45' title='bbox 855 733 962 769; x_wconf 81' lang='lat' dir='ltr'>sicut</span> <span class='ocrx_word' id='word_1_46' title='bbox 997 734 1116 782; x_wconf 79' lang='lat' dir='ltr'>ipsae</span> <span class='ocrx_word' id='word_1_47' title='bbox 1149 734 1196 769; x_wconf 91' lang='lat' dir='ltr'>in</span> <span class='ocrx_word' id='word_1_48' title='bbox 1224 745 1295 771; x_wconf 80' lang='lat' dir='ltr'>ex-</span> 
     </span>
     <span class='ocr_line' id='line_1_9' title="bbox 35 806 1295 860; baseline -0.005 -7"><span class='ocrx_word' id='word_1_49' title='bbox 35 824 158 853; x_wconf 79' lang='lat' dir='ltr'>terna</span> <span class='ocrx_word' id='word_1_50' title='bbox 185 813 372 851; x_wconf 84' lang='lat' dir='ltr'>intestini</span> <span class='ocrx_word' id='word_1_51' title='bbox 398 807 621 860; x_wconf 73' lang='lat' dir='ltr'>superficie.</span> <span class='ocrx_word' id='word_1_52' title='bbox 640 806 874 845; x_wconf 76' lang='lat' dir='ltr'>callositate</span> <span class='ocrx_word' id='word_1_53' title='bbox 902 807 1085 859; x_wconf 72' lang='lat' dir='ltr'>quadam</span> <span class='ocrx_word' id='word_1_54' title='bbox 1102 808 1295 860; x_wconf 80' lang='lat' dir='ltr'>produn·-</span> 
     </span>
     <span class='ocr_line' id='line_1_10' title="bbox 36 881 1293 937; baseline -0.004 -9"><span class='ocrx_word' id='word_1_55' title='bbox 36 898 118 928; x_wconf 84' lang='lat' dir='ltr'>tur.</span> <span class='ocrx_word' id='word_1_56' title='bbox 176 889 357 927; x_wconf 86' lang='lat' dir='ltr'>Goeze</span> <span class='ocrx_word' id='word_1_57' title='bbox 386 881 678 937; x_wconf 76' lang='lat' dir='ltr'>(Naturgescb.</span> <span class='ocrx_word' id='word_1_58' title='bbox 709 883 786 920; x_wconf 83' lang='lat' dir='ltr'>der</span> <span class='ocrx_word' id='word_1_59' title='bbox 811 883 1001 935; x_wconf 80' lang='lat' dir='ltr'>Eingew.</span> <span class='ocrx_word' id='word_1_60' title='bbox 1028 896 1072 934; x_wconf 87' lang='lat' dir='ltr'>p.</span> <span class='ocrx_word' id='word_1_61' title='bbox 1104 896 1189 936; x_wconf 71' lang='lat'>177.</span> <span class='ocrx_word' id='word_1_62' title='bbox 1209 883 1293 923; x_wconf 83' lang='lat' dir='ltr'>tab.</span> 
     </span>
     <span class='ocr_line' id='line_1_11' title="bbox 36 957 1299 1016; baseline -0.003 -14"><span class='ocrx_word' id='word_1_63' title='bbox 36 965 132 1004; x_wconf 86' lang='lat' dir='ltr'>XV.</span> <span class='ocrx_word' id='word_1_64' title='bbox 162 962 230 1016; x_wconf 79' lang='lat' dir='ltr'>fig.</span> <span class='ocrx_word' id='word_1_65' title='bbox 265 968 315 1011; x_wconf 87' lang='lat'>1.)</span> <span class='ocrx_word' id='word_1_66' title='bbox 371 961 610 998; x_wconf 74' lang='lat' dir='ltr'>DIstornata</span> <span class='ocrx_word' id='word_1_67' title='bbox 637 957 788 997; x_wconf 82' lang='lat' dir='ltr'>similia</span> <span class='ocrx_word' id='word_1_68' title='bbox 830 961 902 994; x_wconf 75' lang='lat' dir='ltr'>aut</span> <span class='ocrx_word' id='word_1_69' title='bbox 939 961 1115 997; x_wconf 83' lang='lat' dir='ltr'>omnino</span> <span class='ocrx_word' id='word_1_70' title='bbox 1146 959 1299 998; x_wconf 80' lang='lat' dir='ltr'>eadem</span> 
     </span>
     <span class='ocr_line' id='line_1_12' title="bbox 36 1031 1298 1083; baseline -0.002 -7"><span class='ocrx_word' id='word_1_71' title='bbox 36 1041 84 1078; x_wconf 89' lang='lat' dir='ltr'>in</span> <span class='ocrx_word' id='word_1_72' title='bbox 110 1039 278 1077; x_wconf 75' lang='lat' dir='ltr'>Ardeae</span> <span class='ocrx_word' id='word_1_73' title='bbox 304 1035 481 1075; x_wconf 81' lang='lat' dir='ltr'>stellaris</span> <span class='ocrx_word' id='word_1_74' title='bbox 508 1033 688 1074; x_wconf 83' lang='lat' dir='ltr'>soveolis</span> <span class='ocrx_word' id='word_1_75' title='bbox 717 1031 1039 1083; x_wconf 75' lang='lat' dir='ltr'>intestinalibus,</span> <span class='ocrx_word' id='word_1_76' title='bbox 1065 1033 1203 1072; x_wconf 79' lang='lat' dir='ltr'>nitide</span> <span class='ocrx_word' id='word_1_77' title='bbox 1224 1035 1298 1073; x_wconf 86' lang='lat' dir='ltr'>de-</span> 
     </span>
     <span class='ocr_line' id='line_1_13' title="bbox 38 1108 1300 1166; baseline -0.002 -15"><span class='ocrx_word' id='word_1_78' title='bbox 38 1116 179 1166; x_wconf 86' lang='lat' dir='ltr'>pictis,</span> <span class='ocrx_word' id='word_1_79' title='bbox 206 1113 380 1163; x_wconf 80' lang='lat' dir='ltr'>reperit,</span> <span class='ocrx_word' id='word_1_80' title='bbox 410 1109 560 1148; x_wconf 81' lang='lat' dir='ltr'>eadem</span> <span class='ocrx_word' id='word_1_81' title='bbox 581 1118 720 1147; x_wconf 80' lang='lat' dir='ltr'>autem</span> <span class='ocrx_word' id='word_1_82' title='bbox 738 1121 828 1146; x_wconf 89' lang='lat' dir='ltr'>non</span> <span class='ocrx_word' id='word_1_83' title='bbox 848 1108 1083 1161; x_wconf 78' lang='lat' dir='ltr'>descripsit.</span> <span class='ocrx_word' id='word_1_84' title='bbox 1137 1109 1187 1148; x_wconf 87' lang='lat' dir='ltr'>In</span> <span class='ocrx_word' id='word_1_85' title='bbox 1204 1124 1300 1162; x_wconf 75' lang='lat' dir='ltr'>spe-</span> 
     </span>
     <span class='ocr_line' id='line_1_14' title="bbox 41 1183 1301 1237; baseline -0.002 -10"><span class='ocrx_word' id='word_1_86' title='bbox 41 1187 259 1228; x_wconf 85' lang='lat' dir='ltr'>ciminibus</span> <span class='ocrx_word' id='word_1_87' title='bbox 289 1200 313 1225; x_wconf 84' lang='lat' dir='ltr'>a</span> <span class='ocrx_word' id='word_1_88' title='bbox 339 1199 407 1224; x_wconf 85' lang='lat' dir='ltr'>me</span> <span class='ocrx_word' id='word_1_89' title='bbox 434 1187 615 1224; x_wconf 81' lang='lat' dir='ltr'>inventis</span> <span class='ocrx_word' id='word_1_90' title='bbox 645 1193 771 1235; x_wconf 85' lang='lat' dir='ltr'>caput</span> <span class='ocrx_word' id='word_1_91' title='bbox 797 1183 1006 1224; x_wconf 89' lang='lat' dir='ltr'>uncinulis</span> <span class='ocrx_word' id='word_1_92' title='bbox 1034 1184 1226 1237; x_wconf 81' lang='lat' dir='ltr'>plurimis</span> <span class='ocrx_word' id='word_1_93' title='bbox 1257 1196 1301 1225; x_wconf 80' lang='lat' dir='ltr'>et</span> 
     </span>
     <span class='ocr_line' id='line_1_15' title="bbox 40 1260 1301 1312; baseline -0.003 -9"><span class='ocrx_word' id='word_1_94' title='bbox 40 1263 204 1304; x_wconf 83' lang='lat' dir='ltr'>reflexis</span> <span class='ocrx_word' id='word_1_95' title='bbox 235 1271 439 1300; x_wconf 75' lang='lat' dir='ltr'>armatum</span> <span class='ocrx_word' id='word_1_96' title='bbox 474 1260 576 1308; x_wconf 80' lang='lat' dir='ltr'>vidi,</span> <span class='ocrx_word' id='word_1_97' title='bbox 612 1260 852 1312; x_wconf 73' lang='lat' dir='ltr'>iisdemque</span> <span class='ocrx_word' id='word_1_98' title='bbox 879 1260 1132 1299; x_wconf 86' lang='lat' dir='ltr'>vermi-culos</span> <span class='ocrx_word' id='word_1_99' title='bbox 1161 1263 1207 1299; x_wconf 90' lang='lat' dir='ltr'>in</span> <span class='ocrx_word' id='word_1_100' title='bbox 1233 1260 1301 1300; x_wconf 87' lang='lat' dir='ltr'>fo-</span> 
     </span>
     <span class='ocr_line' id='line_1_16' title="bbox 44 1334 1301 1388; baseline -0.003 -9"><span class='ocrx_word' id='word_1_101' title='bbox 44 1339 206 1379; x_wconf 81' lang='lat' dir='ltr'>diendo</span> <span class='ocrx_word' id='word_1_102' title='bbox 235 1337 340 1375; x_wconf 85' lang='lat' dir='ltr'>nido</span> <span class='ocrx_word' id='word_1_103' title='bbox 366 1338 445 1385; x_wconf 87' lang='lat' dir='ltr'>uti,</span> <span class='ocrx_word' id='word_1_104' title='bbox 472 1347 562 1373; x_wconf 88' lang='lat' dir='ltr'>non</span> <span class='ocrx_word' id='word_1_105' title='bbox 588 1337 852 1388; x_wconf 76' lang='lat' dir='ltr'>negaverim3</span> <span class='ocrx_word' id='word_1_106' title='bbox 880 1334 981 1374; x_wconf 81' lang='lat' dir='ltr'>licet</span> <span class='ocrx_word' id='word_1_107' title='bbox 1009 1345 1148 1375; x_wconf 85' lang='lat' dir='ltr'>autem</span> <span class='ocrx_word' id='word_1_108' title='bbox 1175 1338 1301 1376; x_wconf 80' lang='lat' dir='ltr'>variis</span> 
     </span>
     <span class='ocr_line' id='line_1_17' title="bbox 43 1410 1304 1464; baseline -0.002 -11"><span class='ocrx_word' id='word_1_109' title='bbox 43 1417 91 1453; x_wconf 76' lang='lat' dir='ltr'>in</span> <span class='ocrx_word' id='word_1_110' title='bbox 125 1410 431 1452; x_wconf 83' lang='lat' dir='ltr'>Distomatibus</span> <span class='ocrx_word' id='word_1_111' title='bbox 477 1420 602 1462; x_wconf 86' lang='lat' dir='ltr'>caput</span> <span class='ocrx_word' id='word_1_112' title='bbox 638 1424 773 1464; x_wconf 82' lang='lat' dir='ltr'>aeque</span> <span class='ocrx_word' id='word_1_113' title='bbox 811 1421 1015 1450; x_wconf 83' lang='lat' dir='ltr'>armatum</span> <span class='ocrx_word' id='word_1_114' title='bbox 1053 1411 1304 1451; x_wconf 85' lang='lat' dir='ltr'>observave-</span> 
     </span>
     <span class='ocr_line' id='line_1_18' title="bbox 43 1487 1304 1541; baseline -0.001 -14"><span class='ocrx_word' id='word_1_115' title='bbox 43 1492 139 1538; x_wconf 82' lang='lat' dir='ltr'>rim,</span> <span class='ocrx_word' id='word_1_116' title='bbox 167 1487 274 1527; x_wconf 80' lang='lat' dir='ltr'>haec</span> <span class='ocrx_word' id='word_1_117' title='bbox 301 1496 443 1525; x_wconf 83' lang='lat' dir='ltr'>tamen</span> <span class='ocrx_word' id='word_1_118' title='bbox 469 1488 594 1525; x_wconf 82' lang='lat' dir='ltr'>unica</span> <span class='ocrx_word' id='word_1_119' title='bbox 624 1497 685 1526; x_wconf 88' lang='lat' dir='ltr'>est</span> <span class='ocrx_word' id='word_1_120' title='bbox 713 1490 893 1539; x_wconf 84' lang='lat' dir='ltr'>species,</span> <span class='ocrx_word' id='word_1_121' title='bbox 922 1501 1031 1541; x_wconf 76' lang='lat' dir='ltr'>quae</span> <span class='ocrx_word' id='word_1_122' title='bbox 1057 1487 1202 1527; x_wconf 77' lang='lat' dir='ltr'>foveas</span> <span class='ocrx_word' id='word_1_123' title='bbox 1223 1487 1304 1528; x_wconf 86' lang='lat' dir='ltr'>sibi</span> 
     </span>
     <span class='ocr_line' id='line_1_19' title="bbox 43 1573 188 1605; baseline -0.007 0"><span class='ocrx_word' id='word_1_124' title='bbox 43 1573 188 1605; x_wconf 79' lang='lat' dir='ltr'>struat.</span> 
     </span>
    </p>

    <p class='ocr_par' dir='ltr' id='par_1_3' title="bbox 35 1637 1313 2362">
     <span class='ocr_line' id='line_1_20' title="bbox 150 1637 1305 1696; baseline 0 -17"><span class='ocrx_word' id='word_1_125' title='bbox 150 1639 217 1679; x_wconf 90' lang='grc' dir='ltr'><strong>ΙΙΙ.</strong></span> <span class='ocrx_word' id='word_1_126' title='bbox 232 1639 453 1679; x_wconf 84' lang='lat' dir='ltr'>Vermium</span> <span class='ocrx_word' id='word_1_127' title='bbox 471 1637 733 1693; x_wconf 83' lang='lat' dir='ltr'>reliquorum</span> <span class='ocrx_word' id='word_1_128' title='bbox 746 1639 884 1680; x_wconf 87' lang='lat' dir='ltr'>nullus</span> <span class='ocrx_word' id='word_1_129' title='bbox 906 1638 1010 1680; x_wconf 88' lang='lat' dir='ltr'>mihi</span> <span class='ocrx_word' id='word_1_130' title='bbox 1023 1645 1214 1696; x_wconf 79' lang='lat' dir='ltr'>cognitus</span> <span class='ocrx_word' id='word_1_131' title='bbox 1225 1643 1305 1691; x_wconf 76' lang='lat' dir='ltr'>est,</span> 
     </span>
     <span class='ocr_line' id='line_1_21' title="bbox 46 1715 1310 1771; baseline 0.001 -17"><span class='ocrx_word' id='word_1_132' title='bbox 46 1719 123 1771; x_wconf 85' lang='lat' dir='ltr'>qui</span> <span class='ocrx_word' id='word_1_133' title='bbox 146 1715 427 1756; x_wconf 79' lang='lat' dir='ltr'>ventriculum</span> <span class='ocrx_word' id='word_1_134' title='bbox 453 1715 522 1756; x_wconf 84' lang='lat' dir='ltr'>vel</span> <span class='ocrx_word' id='word_1_135' title='bbox 547 1719 745 1756; x_wconf 84' lang='lat' dir='ltr'>intestina</span> <span class='ocrx_word' id='word_1_136' title='bbox 782 1717 1045 1757; x_wconf 83' lang='lat' dir='ltr'>transfodiat.</span> <span class='ocrx_word' id='word_1_137' title='bbox 1105 1718 1310 1756; x_wconf 72' lang='lat' dir='ltr'>Cuculla—</span> 
     </span>
     <span class='ocr_line' id='line_1_22' title="bbox 48 1792 1308 1845; baseline 0.001 -15"><span class='ocrx_word' id='word_1_138' title='bbox 48 1793 99 1830; x_wconf 82' lang='lat' dir='ltr'>ni</span> <span class='ocrx_word' id='word_1_139' title='bbox 127 1792 342 1845; x_wconf 68' lang='lat' dir='ltr'>equidem,</span> <span class='ocrx_word' id='word_1_140' title='bbox 373 1792 609 1842; x_wconf 76' lang='lat' dir='ltr'>Strongyli,</span> <span class='ocrx_word' id='word_1_141' title='bbox 642 1792 921 1831; x_wconf 74' lang='lat' dir='ltr'>Tremacoda</span> <span class='ocrx_word' id='word_1_142' title='bbox 950 1804 992 1832; x_wconf 77' lang='lat' dir='ltr'>et</span> <span class='ocrx_word' id='word_1_143' title='bbox 1014 1794 1214 1831; x_wconf 64' lang='lat' dir='ltr'>Taenia&amp;</span> <span class='ocrx_word' id='word_1_144' title='bbox 1231 1793 1308 1831; x_wconf 82' lang='lat' dir='ltr'>vil-</span> 
     </span>
     <span class='ocr_line' id='line_1_23' title="bbox 48 1865 1309 1922; baseline 0.001 -15"><span class='ocrx_word' id='word_1_145' title='bbox 48 1867 167 1907; x_wconf 83' lang='lat' dir='ltr'>losae</span> <span class='ocrx_word' id='word_1_146' title='bbox 195 1879 323 1918; x_wconf 81' lang='lat' dir='ltr'>saepe</span> <span class='ocrx_word' id='word_1_147' title='bbox 351 1875 575 1917; x_wconf 82' lang='lat' dir='ltr'>tantopere</span> <span class='ocrx_word' id='word_1_148' title='bbox 603 1865 848 1918; x_wconf 81' lang='lat' dir='ltr'>inhaerent,</span> <span class='ocrx_word' id='word_1_149' title='bbox 875 1879 923 1907; x_wconf 81' lang='lat' dir='ltr'>ut</span> <span class='ocrx_word' id='word_1_150' title='bbox 948 1872 1041 1920; x_wconf 78' lang='lat' dir='ltr'>ipsa</span> <span class='ocrx_word' id='word_1_151' title='bbox 1068 1872 1210 1922; x_wconf 87' lang='lat' dir='ltr'>potius</span> <span class='ocrx_word' id='word_1_152' title='bbox 1246 1869 1309 1908; x_wconf 77' lang='lat' dir='ltr'>la-</span> 
     </span>
     <span class='ocr_line' id='line_1_24' title="bbox 51 1942 1310 1997; baseline 0.001 -14"><span class='ocrx_word' id='word_1_153' title='bbox 51 1953 248 1983; x_wconf 87' lang='lat' dir='ltr'>cerentur</span> <span class='ocrx_word' id='word_1_154' title='bbox 276 1952 317 1981; x_wconf 88' lang='lat' dir='ltr'>et</span> <span class='ocrx_word' id='word_1_155' title='bbox 342 1952 607 1994; x_wconf 81' lang='lat' dir='ltr'>rumpantur,</span> <span class='ocrx_word' id='word_1_156' title='bbox 635 1958 761 1997; x_wconf 80' lang='lat' dir='ltr'>quam</span> <span class='ocrx_word' id='word_1_157' title='bbox 789 1959 813 1984; x_wconf 82' lang='lat' dir='ltr'>a</span> <span class='ocrx_word' id='word_1_158' title='bbox 838 1942 938 1983; x_wconf 85' lang='lat' dir='ltr'>loco</span> <span class='ocrx_word' id='word_1_159' title='bbox 976 1958 1053 1984; x_wconf 86' lang='lat' dir='ltr'>suo</span> <span class='ocrx_word' id='word_1_160' title='bbox 1083 1947 1310 1987; x_wconf 67' lang='lat' dir='ltr'>amove-{m-</span> 
     </span>
     <span class='ocr_line' id='line_1_25' title="bbox 49 2018 1311 2074; baseline 0.002 -17"><span class='ocrx_word' id='word_1_161' title='bbox 49 2029 134 2069; x_wconf 79' lang='lat' dir='ltr'>tur,</span> <span class='ocrx_word' id='word_1_162' title='bbox 160 2032 377 2072; x_wconf 82' lang='lat' dir='ltr'>nunquam</span> <span class='ocrx_word' id='word_1_163' title='bbox 403 2028 544 2057; x_wconf 78' lang='lat' dir='ltr'>autem</span> <span class='ocrx_word' id='word_1_164' title='bbox 570 2021 652 2058; x_wconf 84' lang='lat' dir='ltr'>nisi</span> <span class='ocrx_word' id='word_1_165' title='bbox 678 2019 854 2060; x_wconf 84' lang='lat' dir='ltr'>villosae</span> <span class='ocrx_word' id='word_1_166' title='bbox 880 2018 1004 2058; x_wconf 78' lang='lat' dir='ltr'>infixa</span> <span class='ocrx_word' id='word_1_167' title='bbox 1041 2032 1150 2072; x_wconf 87' lang='lat' dir='ltr'>sunt,</span> <span class='ocrx_word' id='word_1_168' title='bbox 1185 2035 1311 2074; x_wconf 83' lang='lat' dir='ltr'>prae-</span> 
     </span>
     <span class='ocr_line' id='line_1_26' title="bbox 51 2093 1308 2150; baseline 0.002 -17"><span class='ocrx_word' id='word_1_169' title='bbox 51 2104 119 2134; x_wconf 87' lang='lat' dir='ltr'>ter</span> <span class='ocrx_word' id='word_1_170' title='bbox 146 2093 393 2149; x_wconf 77' lang='lat' dir='ltr'>Strongylos</span> <span class='ocrx_word' id='word_1_171' title='bbox 431 2095 639 2148; x_wconf 77' lang='lat' dir='ltr'>quosdam</span> <span class='ocrx_word' id='word_1_172' title='bbox 651 2118 675 2146; x_wconf 52' lang='grc' dir='ltr'>,ι</span> <span class='ocrx_word' id='word_1_173' title='bbox 705 2099 774 2150; x_wconf 80' lang='lat' dir='ltr'>qui</span> <span class='ocrx_word' id='word_1_174' title='bbox 805 2100 916 2136; x_wconf 84' lang='lat' dir='ltr'>inter</span> <span class='ocrx_word' id='word_1_175' title='bbox 951 2099 1113 2137; x_wconf 81' lang='lat' dir='ltr'>tunicas</span> <span class='ocrx_word' id='word_1_176' title='bbox 1151 2100 1308 2139; x_wconf 84' lang='lat' dir='ltr'>ventri—</span> 
     </span>
     <span class='ocr_line' id='line_1_27' title="bbox 35 2170 1311 2229; baseline 0.003 -21"><span class='ocrx_word' id='word_1_177' title='bbox 35 2170 140 2210; x_wconf 71' lang='lat' dir='ltr'>,culi</span> <span class='ocrx_word' id='word_1_178' title='bbox 165 2171 381 2210; x_wconf 81' lang='lat' dir='ltr'>induratas</span> <span class='ocrx_word' id='word_1_179' title='bbox 407 2173 561 2223; x_wconf 79' lang='lat' dir='ltr'>jacent,</span> <span class='ocrx_word' id='word_1_180' title='bbox 589 2172 658 2211; x_wconf 86' lang='lat' dir='ltr'>vel</span> <span class='ocrx_word' id='word_1_181' title='bbox 691 2175 737 2212; x_wconf 88' lang='lat' dir='ltr'>in</span> <span class='ocrx_word' id='word_1_182' title='bbox 763 2173 970 2229; x_wconf 80' lang='lat' dir='ltr'>glandulis</span> <span class='ocrx_word' id='word_1_183' title='bbox 1010 2176 1148 2211; x_wconf 82' lang='lat' dir='ltr'>avium</span> <span class='ocrx_word' id='word_1_184' title='bbox 1186 2177 1311 2212; x_wconf 78' lang='lat' dir='ltr'>oeso-</span> 
     </span>
     <span class='ocr_line' id='line_1_28' title="bbox 53 2245 1313 2301; baseline 0.002 -16"><span class='ocrx_word' id='word_1_185' title='bbox 53 2246 230 2301; x_wconf 86' lang='lat' dir='ltr'>phageis</span> <span class='ocrx_word' id='word_1_186' title='bbox 273 2245 460 2288; x_wconf 76' lang='lat' dir='ltr'>latitant:</span> <span class='ocrx_word' id='word_1_187' title='bbox 513 2249 749 2301; x_wconf 79' lang='lat' dir='ltr'>perforatio</span> <span class='ocrx_word' id='word_1_188' title='bbox 790 2263 893 2290; x_wconf 86' lang='lat' dir='ltr'>vero</span> <span class='ocrx_word' id='word_1_189' title='bbox 933 2251 1127 2301; x_wconf 78' lang='lat' dir='ltr'>nuspiam</span> <span class='ocrx_word' id='word_1_190' title='bbox 1169 2248 1313 2289; x_wconf 87' lang='lat' dir='ltr'>locum</span> 
     </span>
     <span class='ocr_line' id='line_1_29' title="bbox 53 2321 193 2362; baseline -0.007 0"><span class='ocrx_word' id='word_1_191' title='bbox 53 2321 193 2362; x_wconf 75' lang='lat' dir='ltr'>habet.</span> 
     </span>
    </p>

    <p class='ocr_par' dir='ltr' id='par_1_4' title="bbox 7 2397 1315 2535">
     <span class='ocr_line' id='line_1_30' title="bbox 162 2397 1315 2456; baseline 0.004 -20"><span class='ocrx_word' id='word_1_192' title='bbox 162 2397 413 2439; x_wconf 76' lang='lat' dir='ltr'>Ascarides</span> <span class='ocrx_word' id='word_1_193' title='bbox 437 2413 653 2456; x_wconf 69' lang='lat' dir='ltr'>nunquam</span> <span class='ocrx_word' id='word_1_194' title='bbox 681 2411 906 2455; x_wconf 77' lang='lat' dir='ltr'>tantopere</span> <span class='ocrx_word' id='word_1_195' title='bbox 933 2401 1075 2441; x_wconf 82' lang='lat' dir='ltr'>infixas</span> <span class='ocrx_word' id='word_1_196' title='bbox 1102 2400 1207 2450; x_wconf 85' lang='lat' dir='ltr'>vidi,</span> <span class='ocrx_word' id='word_1_197' title='bbox 1235 2399 1315 2441; x_wconf 84' lang='lat' dir='ltr'>sed</span> 
     </span>
     <span class='ocr_line' id='line_1_31' title="bbox 7 2474 1315 2535; baseline 0 -17"><span class='ocrx_word' id='word_1_198' title='bbox 7 2525 19 2535; x_wconf 68' lang='lat'><em>,</em></span> <span class='ocrx_word' id='word_1_199' title='bbox 56 2475 127 2518; x_wconf 71' lang='lat' dir='ltr'>vel</span> <span class='ocrx_word' id='word_1_200' title='bbox 153 2478 197 2517; x_wconf 90' lang='lat' dir='ltr'>in</span> <span class='ocrx_word' id='word_1_201' title='bbox 223 2474 496 2529; x_wconf 85' lang='lat' dir='ltr'>pulmonibus</span> <span class='ocrx_word' id='word_1_202' title='bbox 524 2478 592 2517; x_wconf 84' lang='lat' dir='ltr'>vel</span> <span class='ocrx_word' id='word_1_203' title='bbox 617 2481 664 2518; x_wconf 83' lang='lat' dir='ltr'>in</span> <span class='ocrx_word' id='word_1_204' title='bbox 693 2479 956 2533; x_wconf 73' lang='lat' dir='ltr'>oesophago,</span> <span class='ocrx_word' id='word_1_205' title='bbox 992 2479 1112 2533; x_wconf 85' lang='lat' dir='ltr'>quod</span> <span class='ocrx_word' id='word_1_206' title='bbox 1147 2481 1315 2531; x_wconf 84' lang='lat' dir='ltr'>paucis—</span> 
     </span>
    </p>
   </div>
  </div>
 </body>
</html>
