1801 3066
465 161 543 207 286

466 281 652 322 quorum
688 264 997 321 Abilgaard
1039 263 1183 316 (Zool.
1211 266 1322 304 Dan.
1361 264 1458 304 Vol.
1489 265 1555 305 III.
1592 281 1634 319 p.
1662 269 1730 310 50.

465 345 571 385 Tab.
601 342 824 397 CIXqug.
858 355 914 380 12.
945 345 1003 394 0.)
1045 344 1089 381 in
1119 342 1270 380 eodem
1309 356 1452 382 verme
1483 342 1536 381 ad
1572 344 1730 383 caudae

469 412 631 474 apicem
660 421 744 460 duo
772 418 1025 471 plerumque
1055 432 1099 457 se
1127 421 1336 470 reperisse
1365 410 1529 470 referts
1540 419 1732 462 distincta

467 511 557 537 non
593 497 691 536 vidi.
756 497 804 534 In
833 497 1037 535 Filariae
1076 505 1218 533 tamen
1248 498 1425 534 cornicis
1466 484 1734 535 acterina‘cae

468 576 571 614 mihi
610 573 744 612 dictae
783 575 1012 624 specimine
1055 573 1190 623 (inter
1221 581 1381 623 septem
1410 576 1562 626 unico)
1592 573 1735 612 tuber-
1776 599 1777 603 =

471 650 612 691 culum
642 650 793 688 eodem
821 648 918 687 loco
950 648 1183 697 observavi,
1214 662 1266 686 an
1287 651 1429 701 itaqu-e
1450 648 1600 688 volvae
1622 647 1735 687 labia
1754 664 1766 671 s

472 726 699 767 exstantia?
737 726 865 764 Sexus
896 726 1110 764 distinctos
1141 726 1284 765 adesse
1315 740 1396 779 ego
1427 724 1573 765 saltem
1602 726 1757 765 credi->

429 801 434 810 '
472 804 618 843 derim.
677 802 769 840 Ova
795 815 875 840 nec
902 801 1042 842 foetus
1071 804 1187 841 vivos
1215 805 1259 840 in
1289 805 1440 841 ovariis
1468 803 1564 842 vidi.

549 882 601 919 D.
657 878 958 916 Hamnlariae
985 879 1323 931 (Tentaculariae
1352 879 1571 931 Zederi)
1601 888 1733 932 genus

473 959 508 996 si
535 955 827 1005 retinendum,
857 969 936 994 nec
965 956 1018 994 ad
1048 956 1300 995 antecedens
1324 955 1391 995 vel
1421 954 1636 1009 Strongyli
1665 968 1735 1008 ge-

472 1046 558 1074 nus·
581 1031 892 1071 amandandum
922 1042 995 1081 est,
1025 1042 1277 1071 structuram
1304 1035 1465 1085 pariter
1487 1030 1737 1086 simplicissi-

474 1124 588 1149 mam
627 1106 767 1148 offert.
835 1107 1170 1147 Treutlerus
1209 1111 1252 1146 in
1281 1109 1551 1148 Hamulariae
1580 1107 1738 1160 (homi-

473 1189 563 1237 nis)
601 1184 905 1239 lymphaticae,
950 1198 996 1223 ac
1025 1182 1270 1222 Schrank
1307 1188 1351 1223 in
1387 1183 1736 1239 Linguatularum

475 1276 647 1301 suarum
683 1261 967 1312 descriptione
1005 1259 1248 1313 genitalium
1276 1263 1534 1299 mentionem
1561 1274 1650 1299 non
1678 1259 1739 1299 fa-

478 1341 591 1377 ciunt
602 1366 614 1385 ,
650 1346 698 1374 ut
727 1329 939 1374 tentacula
967 1338 1025 1374 sic
1054 1336 1166 1374 dicta
1199 1339 1282 1374 oris
1314 1339 1462 1375 emissa
1491 1351 1586 1375 cum
1613 1338 1737 1390 Asca-

477 1414 616 1453 ridum
653 1411 820 1465 spiculis
858 1415 967 1451 miro
994 1413 1126 1451 modo
1157 1426 1367 1467 congrua,
1407 1399 1531 1451 facile
1558 1426 1639 1465 pro
1670 1426 1741 1466 ge·
1768 1411 1771 1414 ’

476 1489 674 1531 uitalibus
704 1488 898 1528 masculis
926 1487 1091 1528 habeas.
1147 1489 1397 1528 Zederus
1428 1490 1599 1542 quidem
1627 1490 1740 1528 Ten-

441 1576 444 1579 ”
478 1566 704 1606 taculariae
743 1564 1039 1617 (collurionis)
1080 1564 1334 1619 cylindricae
1375 1567 1519 1604 ovaria
1557 1579 1646 1604 esse
1673 1579 1740 1604 re-

477 1642 574 1692 fert,
603 1642 677 1680 sed
696 1641 795 1680 talia
824 1644 949 1680 etiam
976 1641 1079 1679 Fro
1094 1639 1239 1679 elich
1268 1643 1311 1678 in
1334 1641 1536 1680 Ascaride
1555 1629 1765 1680 mascula*

478 1719 629 1757 vidisse
657 1717 872 1766 sibivisus
902 1727 1005 1767 erat,
1036 1728 1077 1755 et
1105 1731 1171 1755 res
1200 1719 1376 1755 maxime
1406 1716 1533 1756 dubia
1560 1718 1740 1756 videtur.

437 1838 443 1841 A
478 1794 664 1836 Gordius
705 1797 846 1832 martis
886 1796 1150 1834 Wernero
1189 1793 1322 1832 dictus
1360 1795 1394 1831 si
1422 1792 1504 1832 huc
1540 1795 1740 1845 pertinet,

479 1881 526 1910 ut
553 1870 876 1909 Treutlerus
907 1881 948 1910 et
975 1870 1227 1909 Zederus
1256 1871 1454 1921 suspicati
1482 1879 1592 1919 sunt,
1620 1871 1664 1907 in
1687 1882 1740 1909 eo

478 1947 624 1986 saltem
677 1945 843 1995 differt,
909 1946 1027 1999 quod
1074 1948 1281 1998 viviparus
1328 1956 1413 1995 est,
1477 1944 1602 1984 talem
1649 1949 1740 1998 ipse

478 2037 632 2075 nempe
674 2026 719 2061 in
754 2021 963 2062 Mustelae
994 2024 1163 2062 ‘Putorii
1197 2021 1468 2074 pulmonibus
1506 2023 1741 2073 copiosissi-

479 2114 594 2138 mum
625 2098 796 2138 offendi.
1252 2152 1255 2153 γ
1503 2091 1509 2094 ’
1685 2092 1691 2094 ὴ

558 2176 605 2214 Ε.
664 2176 852 2228 Oxyurz's
888 2175 1086 2229 genitalia
1126 2185 1295 2215 externa
1320 2187 1411 2213 non
1437 2173 1598 2226 prodit,
1629 2183 1672 2212 et
1697 2175 1742 2213 in

482 2252 700 2301 omnibus,
765 2261 977 2304 quotquot
1037 2253 1361 2292 examinaverint
1374 2279 1388 2300 ,
1443 2247 1740 2302 speciminibus

481 2341 562 2369 ova
591 2326 864 2380 deprehendi.

557 2404 602 2442 F.
662 2394 1036 2457 Trichoceph‘alus
1062 2404 1316 2457 plerumque
1345 2404 1473 2455 partis
1494 2403 1739 2455 posterioris
