1801 3066
1272 165 1348 196 211

86 238 343 315 greseentia,
395 267 468 298 aut
511 246 738 308 sunguinea
776 264 848 292 aut
882 256 1055 294 maculis
1087 257 1198 295 varia
1226 269 1383 309 appa--

85 346 190 375 rent.

192 414 304 452 Outis
334 409 453 448 color
473 406 644 461 quidem
678 405 904 458 generatim
936 404 1076 451 albus,
1105 411 1352 457 praesertim

84 494 127 528 in
154 486 462 530 Nematoideis,
505 480 905 532 Acanthocephalis‚
946 480 1176 520 Cestoideis
1206 494 1246 521 et
1275 486 1356 539 Cy..

84 567 216 610 sticis,
253 575 342 602 non
372 561 523 599 desunt
551 569 689 597 tamen
728 555 939 607 exempla,
990 556 1061 595 ubi
1101 558 1353 600 obscurioris

85 640 188 695 quid
225 640 400 676 immixti
429 639 499 684 sit,
538 649 574 673 v.
605 649 639 673 c.
674 636 718 671 in
747 632 971 686 Strongylo
1010 645 1192 683 firmato,
1239 639 1355 687 cujus

87 719 190 755 cutis
220 727 347 767 saepe
375 715 506 766 grisea
546 710 613 750 vel
649 709 865 753 subfusca;
908 709 990 748 hoc
1018 720 1158 750 tamen
1185 716 1359 754 minime

83 801 276 831 constans
304 788 567 833 habendum,
609 799 708 824 nam
753 788 797 823 in
840 786 1093 825 animalculo
1141 789 1281 836 dicto,
1323 792 1358 828 si

83 875 372 923 aneurysmata
413 862 634 909 inhabitat,
678 864 781 901 cutis
820 861 937 908 alba,
986 876 1080 901 cum
1115 866 1357 914 intestinali,

85 958 163 983 seu
191 942 310 997 quod
339 943 383 980 in
413 952 621 993 equorum
651 938 746 976 colo
777 950 994 991 coecoque
1021 943 1254 991 reperitur,
1285 942 1360 980 ob-

84 1033 227 1059 scurus
254 1017 326 1057 ille
363 1016 476 1056 color
504 1015 681 1069 vulgaris
711 1016 775 1052 sit.
804 1013 1111 1054 Trematodum
1128 1029 1273 1057 recens
1297 1020 1360 1056 in-

86 1105 314 1136 ventorum
344 1093 464 1132 color
490 1093 696 1131 rarissime
725 1089 865 1139 albus,
904 1093 948 1129 in
978 1091 1039 1130 his
1069 1101 1213 1133 tamen
1240 1103 1289 1131 ut
1315 1096 1360 1133 in

82 1170 298 1224 prioribus
326 1170 580 1223 plerumque
609 1181 632 1206 a
661 1177 756 1206 cute
783 1180 872 1206 non
898 1169 1070 1220 pendet.
1134 1170 1184 1209 In
1211 1173 1361 1209 vermi·

84 1248 161 1287 bus
190 1246 479 1286 Nematoideis
517 1245 604 1283 fere
632 1257 798 1296 semper
827 1257 850 1283 a
877 1247 1055 1284 materia
1090 1254 1267 1285 tractum
1298 1249 1361 1287 in-

84 1324 318 1362 testinalem
357 1322 547 1372 replente
577 1320 825 1358 derivandus
864 1330 946 1367 est,
975 1331 1023 1358 ut
1063 1322 1179 1360 idem
1207 1325 1360 1361 vermis

84 1412 175 1437 non
201 1411 297 1436 raro
327 1396 492 1435 colores
521 1395 726 1447 plurimos
749 1395 912 1442 induat,
941 1398 999 1435 sic
1026 1409 1063 1435 v.
1093 1411 1128 1435 c.
1160 1398 1361 1453 Strongy-

87 1474 150 1512 lus
180 1473 329 1527 Gigas,
356 1475 401 1510 in
427 1472 597 1510 renibus
629 1472 858 1509 consumtis
874 1482 1103 1531 repertus,
1132 1474 1223 1512 fere
1252 1488 1360 1513 sem-

89 1563 167 1601 per
195 1550 396 1601 sanguine
423 1547 611 1600 turgidus
640 1547 941 1599 sanguineique
962 1548 1134 1586 >coloris
1166 1549 1361 1589 observa-

89 1634 154 1663 tus
185 1633 266 1671 est,
311 1632 352 1661 et
381 1622 654 1677 Strongylum
685 1630 914 1669 armatum,
960 1627 1126 1675 quoties
1155 1626 1199 1661 in
1231 1639 1361 1679 equo-

92 1714 186 1739 rum
217 1707 508 1754 aneurysmate
536 1699 695 1749 reperi,
739 1707 860 1749 parte
899 1702 1099 1738 anteriori
1129 1701 1361 1743 rubentem

88 1777 197 1822 vidi;
225 1776 340 1814 idem
364 1776 416 1814 de
438 1774 636 1813 Ascaride
663 1773 968 1824 lumbricoide‚
996 1779 1118 1833 variis
1150 1778 1361 1818 coloribus

88 1853 283 1899 ludente,
325 1850 622 1904 vermibusque
649 1850 777 1904 longe
805 1851 996 1902 plurimis
1029 1853 1160 1903 valet,
1208 1864 1254 1893 ut
1281 1858 1363 1894 sin-

88 1929 194 1983 gulis
225 1926 518 1967 enumerandis
546 1927 853 1978 supersedeam.
908 1929 1080 1981 Saepius
1115 1929 1364 1971 tamen'ma-

91 2007 194 2044 teria
221 2004 294 2043 illa
322 2004 475 2043 eodem
514 2005 559 2042 in
586 2017 729 2042 verme
758 2017 928 2057 semper
956 2007 1127 2055 eadem,
1167 2017 1216 2045 ut
1244 2008 1364 2047 color

93 2084 220 2119 etiam
247 2090 441 2120 constans
463 2082 534 2128 sit,
563 2095 599 2120 v.
629 2094 689 2135 gr.
718 2083 764 2120 in
780 2082 1000 2121 Cucullani
1020 2084 1236 2136 speciebus
1256 2098 1363 2124 non·

92 2158 236 2204 nullis,
264 2170 452 2209 vsemper
487 2159 721 2211 sanguineis
760 2167 803 2197 et
838 2157 1032 2198 venulam
1061 2161 1362 2210 referentibus,

96 2241 137 2271 et
162 2235 207 2270 in
232 2233 430 2272 Ascaride
457 2233 645 2273 bicolore
673 2234 775 2273 mihi
803 2235 938 2283 dicta,
967 2239 1027 2289 (in
1054 2238 1207 2276 Percae
1235 2238 1363 2290 hepa-

97 2311 145 2347 tis
173 2308 372 2362 hydatide
399 2313 680 2361 occurrente),
711 2313 826 2363 cujus
854 2326 952 2364 pars
978 2316 1166 2352 anterior
1196 2328 1361 2367 semper

99 2384 230 2423 djlute
255 2381 495 2434 flavescens,
522 2379 734 2438 posterior
763 2399 904 2428 autem
931 2389 1045 2428 fusca
1072 2401 1143 2429 est.
1196 2392 1245 2430 In
1260 2393 1365 2432 Tre-

97 2459 338 2500 matodibus
366 2474 389 2499 e
417 2471 562 2501 comm
590 2463 708 2502 color
732 2464 1008 2517 utplurimum
1040 2466 1091 2505 ab
1119 2469 1267 2507 ovariis
1297 2481 1365 2506 or-

831 2543 869 2580 Ο
900 2557 922 2579 2
