<?xml version="1.0" encoding="UTF-8"?>
<!DOCTYPE html PUBLIC "-//W3C//DTD XHTML 1.0 Transitional//EN"
    "http://www.w3.org/TR/xhtml1/DTD/xhtml1-transitional.dtd">
<html xmlns="http://www.w3.org/1999/xhtml" xml:lang="en" lang="en">
 <head>
  <title>
</title>
<meta http-equiv="Content-Type" content="text/html;charset=utf-8" />
  <meta name='ocr-system' content='tesseract 3.04.00' />
  <meta name='ocr-capabilities' content='ocr_page ocr_carea ocr_par ocr_line ocrx_word'/>
</head>
<body>
  <div class='ocr_page' id='page_1' title='image "./entozoorumsiveve11808rudo_0156.png"; bbox 0 0 1801 3066; ppageno 0'>
   <div class='ocr_carea' id='block_1_1' title="bbox 484 177 558 213">
    <p class='ocr_par' dir='ltr' id='par_1_1' title="bbox 484 177 558 213">
     <span class='ocr_line' id='line_1_1' title="bbox 484 177 558 213; baseline -0.014 -1"><span class='ocrx_word' id='word_1_1' title='bbox 484 177 558 213; x_wconf 69' lang='lat'>120</span> 
     </span>
    </p>
   </div>
   <div class='ocr_carea' id='block_1_2' title="bbox 469 258 1749 1784">
    <p class='ocr_par' dir='ltr' id='par_1_2' title="bbox 527 258 1749 481">
     <span class='ocr_line' id='line_1_2' title="bbox 532 258 1749 334; baseline 0.003 -15"><span class='ocrx_word' id='word_1_2' title='bbox 532 292 622 320; x_wconf 86' lang='lat' dir='ltr'>mes</span> <span class='ocrx_word' id='word_1_3' title='bbox 651 276 899 317; x_wconf 84' lang='lat' dir='ltr'>innumeros</span> <span class='ocrx_word' id='word_1_4' title='bbox 929 258 1106 329; x_wconf 30' lang='lat' dir='ltr'>reperit}</span> <span class='ocrx_word' id='word_1_5' title='bbox 1132 273 1201 316; x_wconf 78' lang='lat' dir='ltr'>veI</span> <span class='ocrx_word' id='word_1_6' title='bbox 1230 273 1481 333; x_wconf 81' lang='lat' dir='ltr'>Strongylos</span> <span class='ocrx_word' id='word_1_7' title='bbox 1506 279 1641 334; x_wconf 85' lang='lat' dir='ltr'>(quod</span> <span class='ocrx_word' id='word_1_8' title='bbox 1661 297 1749 323; x_wconf 81' lang='lat' dir='ltr'>cre-</span> 
     </span>
     <span class='ocr_line' id='line_1_3' title="bbox 532 353 1749 411; baseline 0.002 -15"><span class='ocrx_word' id='word_1_9' title='bbox 532 356 764 407; x_wconf 85' lang='lat' dir='ltr'>diderim),</span> <span class='ocrx_word' id='word_1_10' title='bbox 786 353 871 393; x_wconf 67' lang='lat' dir='ltr'>‘vel</span> <span class='ocrx_word' id='word_1_11' title='bbox 909 354 963 392; x_wconf 76' lang='lat' dir='ltr'>ad</span> <span class='ocrx_word' id='word_1_12' title='bbox 992 353 1288 393; x_wconf 84' lang='lat' dir='ltr'>Treutleri</span> <span class='ocrx_word' id='word_1_13' title='bbox 1326 355 1590 396; x_wconf 74' lang='lat' dir='ltr'>Hamularias</span> <span class='ocrx_word' id='word_1_14' title='bbox 1619 362 1749 411; x_wconf 83' lang='lat' dir='ltr'>perti-</span> 
     </span>
     <span class='ocr_line' id='line_1_4' title="bbox 527 431 1008 481; baseline -0.008 -9"><span class='ocrx_word' id='word_1_15' title='bbox 527 442 691 472; x_wconf 84' lang='lat' dir='ltr'><strong>nentes.</strong></span> <span class='ocrx_word' id='word_1_16' title='bbox 737 431 846 470; x_wconf 83' lang='lat' dir='ltr'>conf.</span> <span class='ocrx_word' id='word_1_17' title='bbox 877 444 916 469; x_wconf 91' lang='lat' dir='ltr'>n.</span> <span class='ocrx_word' id='word_1_18' title='bbox 946 434 1008 481; x_wconf 61' lang='grc'>54.</span> 
     </span>
    </p>

    <p class='ocr_par' dir='ltr' id='par_1_3' title="bbox 475 505 1748 1018">
     <span class='ocr_line' id='line_1_5' title="bbox 475 505 1748 563; baseline 0.002 -15"><span class='ocrx_word' id='word_1_19' title='bbox 475 516 564 563; x_wconf 72' lang='lat'><strong>455.</strong></span> <span class='ocrx_word' id='word_1_20' title='bbox 593 509 632 548; x_wconf 91' lang='lat' dir='ltr'>b.</span> <span class='ocrx_word' id='word_1_21' title='bbox 665 509 777 547; x_wconf 87' lang='lat' dir='ltr'>Ovis.</span> <span class='ocrx_word' id='word_1_22' title='bbox 834 507 1092 546; x_wconf 82' lang='lat' dir='ltr'>Instruction</span> <span class='ocrx_word' id='word_1_23' title='bbox 1119 520 1234 559; x_wconf 90' lang='lat' dir='ltr'>pour</span> <span class='ocrx_word' id='word_1_24' title='bbox 1270 505 1333 546; x_wconf 90' lang='lat' dir='ltr'>les</span> <span class='ocrx_word' id='word_1_25' title='bbox 1361 507 1534 563; x_wconf 84' lang='lat' dir='ltr'>bergers</span> <span class='ocrx_word' id='word_1_26' title='bbox 1566 519 1608 549; x_wconf 84' lang='lat' dir='ltr'>et</span> <span class='ocrx_word' id='word_1_27' title='bbox 1633 521 1748 563; x_wconf 85' lang='lat' dir='ltr'>pour</span> 
     </span>
     <span class='ocr_line' id='line_1_6' title="bbox 525 581 1748 638; baseline -0.001 -12"><span class='ocrx_word' id='word_1_28' title='bbox 525 586 587 626; x_wconf 83' lang='lat' dir='ltr'>les</span> <span class='ocrx_word' id='word_1_29' title='bbox 627 581 932 638; x_wconf 73' lang='lat' dir='ltr'>proprietaires</span> <span class='ocrx_word' id='word_1_30' title='bbox 975 583 1029 622; x_wconf 85' lang='lat' dir='ltr'>de</span> <span class='ocrx_word' id='word_1_31' title='bbox 1059 593 1306 635; x_wconf 83' lang='lat' dir='ltr'>troupeaux.</span> <span class='ocrx_word' id='word_1_32' title='bbox 1374 586 1454 632; x_wconf 82' lang='lat' dir='ltr'>Par</span> <span class='ocrx_word' id='word_1_33' title='bbox 1488 585 1748 625; x_wconf 85' lang='lat' dir='ltr'>Dauben-</span> 
     </span>
     <span class='ocr_line' id='line_1_7' title="bbox 525 649 1745 708; baseline -0.002 -5"><span class='ocrx_word' id='word_1_34' title='bbox 525 673 633 703; x_wconf 87' lang='lat' dir='ltr'>ton.</span> <span class='ocrx_word' id='word_1_35' title='bbox 697 656 938 700; x_wconf 74' lang='lat' dir='ltr'>Troisieme</span> <span class='ocrx_word' id='word_1_36' title='bbox 976 655 1150 698; x_wconf 75' lang='lat' dir='ltr'>edition.</span> <span class='ocrx_word' id='word_1_37' title='bbox 1196 656 1218 698; x_wconf 76' lang='grc' dir='ltr'>ἐι</span> <span class='ocrx_word' id='word_1_38' title='bbox 1247 662 1360 699; x_wconf 79' lang='lat' dir='ltr'>Paris</span> <span class='ocrx_word' id='word_1_39' title='bbox 1402 675 1456 700; x_wconf 83' lang='lat' dir='ltr'>an</span> <span class='ocrx_word' id='word_1_40' title='bbox 1493 662 1545 699; x_wconf 88' lang='lat' dir='ltr'>X.</span> <span class='ocrx_word' id='word_1_41' title='bbox 1584 663 1628 700; x_wconf 84' lang='lat' dir='ltr'>in</span> <span class='ocrx_word' id='word_1_42' title='bbox 1654 649 1691 708; x_wconf 93' lang='grc'>3.</span> <span class='ocrx_word' id='word_1_43' title='bbox 1720 664 1745 686; x_wconf 68' lang='lat'>&#39;⁸</span> 
     </span>
     <span class='ocr_line' id='line_1_8' title="bbox 525 735 1747 787; baseline -0.001 -9"><span class='ocrx_word' id='word_1_44' title='bbox 525 741 705 779; x_wconf 84' lang='lat' dir='ltr'>Vermes</span> <span class='ocrx_word' id='word_1_45' title='bbox 734 747 906 783; x_wconf 79' lang='lat' dir='ltr'>tenues,</span> <span class='ocrx_word' id='word_1_46' title='bbox 936 741 1027 786; x_wconf 74' lang='grc'>5-4</span> <span class='ocrx_word' id='word_1_47' title='bbox 1053 735 1301 787; x_wconf 79' lang='lat' dir='ltr'>pollicares,</span> <span class='ocrx_word' id='word_1_48' title='bbox 1331 740 1375 776; x_wconf 90' lang='lat' dir='ltr'>in</span> <span class='ocrx_word' id='word_1_49' title='bbox 1406 740 1547 776; x_wconf 88' lang='lat' dir='ltr'>ovium</span> <span class='ocrx_word' id='word_1_50' title='bbox 1576 736 1747 777; x_wconf 78' lang='lat' dir='ltr'>trachea</span> 
     </span>
     <span class='ocr_line' id='line_1_9' title="bbox 527 803 1745 868; baseline -0.002 -14"><span class='ocrx_word' id='word_1_51' title='bbox 527 828 568 856; x_wconf 85' lang='lat' dir='ltr'>et</span> <span class='ocrx_word' id='word_1_52' title='bbox 594 812 868 868; x_wconf 88' lang='lat' dir='ltr'>pulmonibus</span> <span class='ocrx_word' id='word_1_53' title='bbox 900 803 1194 863; x_wconf 74' lang='lat' dir='ltr'>copiosissimi,</span> <span class='ocrx_word' id='word_1_54' title='bbox 1223 812 1421 867; x_wconf 75' lang='lat' dir='ltr'><strong>gregibus</strong></span> <span class='ocrx_word' id='word_1_55' title='bbox 1446 812 1611 853; x_wconf 83' lang='lat' dir='ltr'>cladem</span> <span class='ocrx_word' id='word_1_56' title='bbox 1636 824 1745 852; x_wconf 88' lang='lat' dir='ltr'>stru-</span> 
     </span>
     <span class='ocr_line' id='line_1_10' title="bbox 528 888 1744 944; baseline -0.003 -12"><span class='ocrx_word' id='word_1_57' title='bbox 528 903 646 932; x_wconf 87' lang='lat' dir='ltr'>entes</span> <span class='ocrx_word' id='word_1_58' title='bbox 674 905 714 944; x_wconf 88' lang='lat' dir='ltr'>p.</span> <span class='ocrx_word' id='word_1_59' title='bbox 746 890 847 941; x_wconf 73' lang='lat'>269,</span> <span class='ocrx_word' id='word_1_60' title='bbox 877 901 964 939; x_wconf 87' lang='lat'><strong>270.</strong></span> <span class='ocrx_word' id='word_1_61' title='bbox 994 888 1252 926; x_wconf 82' lang='lat' dir='ltr'>referuntur.</span> <span class='ocrx_word' id='word_1_62' title='bbox 1293 889 1506 944; x_wconf 69' lang='lat' dir='ltr'>Strongyli</span> <span class='ocrx_word' id='word_1_63' title='bbox 1525 899 1640 928; x_wconf 87' lang='lat' dir='ltr'>certe</span> <span class='ocrx_word' id='word_1_64' title='bbox 1655 889 1744 928; x_wconf 82' lang='lat' dir='ltr'>fue-</span> 
     </span>
     <span class='ocr_line' id='line_1_11' title="bbox 526 964 1422 1018; baseline -0.007 -8"><span class='ocrx_word' id='word_1_65' title='bbox 526 980 648 1018; x_wconf 87' lang='lat' dir='ltr'>runt,</span> <span class='ocrx_word' id='word_1_66' title='bbox 685 970 730 1007; x_wconf 88' lang='lat' dir='ltr'>ni</span> <span class='ocrx_word' id='word_1_67' title='bbox 759 965 912 1014; x_wconf 75' lang='lat' dir='ltr'>fallor,</span> <span class='ocrx_word' id='word_1_68' title='bbox 957 965 1162 1002; x_wconf 65' lang='lat' dir='ltr'>contorti</span> <span class='ocrx_word' id='word_1_69' title='bbox 1181 964 1283 1003; x_wconf 78' lang='lat' dir='ltr'>mihi</span> <span class='ocrx_word' id='word_1_70' title='bbox 1313 966 1422 1004; x_wconf 81' lang='lat' dir='ltr'>dicti.</span> 
     </span>
    </p>

    <p class='ocr_par' dir='ltr' id='par_1_4' title="bbox 472 1041 1743 1326">
     <span class='ocr_line' id='line_1_12' title="bbox 472 1041 1743 1100; baseline -0.002 -17"><span class='ocrx_word' id='word_1_71' title='bbox 472 1051 561 1100; x_wconf 72' lang='lat'><strong>454.</strong></span> <span class='ocrx_word' id='word_1_72' title='bbox 590 1045 720 1099; x_wconf 84' lang='lat' dir='ltr'><em>Apri.</em></span> <span class='ocrx_word' id='word_1_73' title='bbox 776 1041 915 1081; x_wconf 86' lang='lat' dir='ltr'>Ebel</span> <span class='ocrx_word' id='word_1_74' title='bbox 971 1052 1098 1080; x_wconf 78' lang='lat' dir='ltr'>etwas</span> <span class='ocrx_word' id='word_1_75' title='bbox 1138 1055 1226 1081; x_wconf 79' lang='lat' dir='ltr'>von</span> <span class='ocrx_word' id='word_1_76' title='bbox 1253 1042 1631 1090; x_wconf 69' lang='lat' dir='ltr'>Fadenwfirmern,</span> <span class='ocrx_word' id='word_1_77' title='bbox 1672 1041 1743 1081; x_wconf 90' lang='lat' dir='ltr'>be-</span> 
     </span>
     <span class='ocr_line' id='line_1_13' title="bbox 525 1117 1743 1172; baseline -0.003 -11"><span class='ocrx_word' id='word_1_78' title='bbox 525 1121 704 1162; x_wconf 85' lang='lat' dir='ltr'>sonders</span> <span class='ocrx_word' id='word_1_79' title='bbox 754 1122 799 1158; x_wconf 89' lang='lat' dir='ltr'>in</span> <span class='ocrx_word' id='word_1_80' title='bbox 846 1119 928 1157; x_wconf 86' lang='lat' dir='ltr'>den</span> <span class='ocrx_word' id='word_1_81' title='bbox 964 1119 1146 1171; x_wconf 83' lang='lat' dir='ltr'>Lungen</span> <span class='ocrx_word' id='word_1_82' title='bbox 1191 1120 1304 1157; x_wconf 83' lang='lat' dir='ltr'>eines</span> <span class='ocrx_word' id='word_1_83' title='bbox 1345 1117 1609 1172; x_wconf 83' lang='lat' dir='ltr'>Frischlings.</span> <span class='ocrx_word' id='word_1_84' title='bbox 1672 1119 1743 1157; x_wconf 84' lang='lat' dir='ltr'>In:</span> 
     </span>
     <span class='ocr_line' id='line_1_14' title="bbox 523 1192 1741 1237; baseline -0.003 0"><span class='ocrx_word' id='word_1_85' title='bbox 523 1195 727 1237; x_wconf 64' lang='lat' dir='ltr'>Beschfift.</span> <span class='ocrx_word' id='word_1_86' title='bbox 776 1196 854 1236; x_wconf 86' lang='lat' dir='ltr'>der</span> <span class='ocrx_word' id='word_1_87' title='bbox 893 1194 1001 1233; x_wconf 86' lang='lat' dir='ltr'>Berl.</span> <span class='ocrx_word' id='word_1_88' title='bbox 1051 1192 1281 1232; x_wconf 83' lang='lat' dir='ltr'>Gesellsch.</span> <span class='ocrx_word' id='word_1_89' title='bbox 1324 1195 1485 1233; x_wconf 75' lang='lat' dir='ltr'>Naturfi</span> <span class='ocrx_word' id='word_1_90' title='bbox 1531 1195 1741 1235; x_wconf 85' lang='lat' dir='ltr'>Freunde.</span> 
     </span>
     <span class='ocr_line' id='line_1_15' title="bbox 523 1271 1707 1326; baseline -0.003 -13"><span class='ocrx_word' id='word_1_91' title='bbox 523 1277 568 1315; x_wconf 90' lang='lat' dir='ltr'>B.</span> <span class='ocrx_word' id='word_1_92' title='bbox 597 1282 634 1321; x_wconf 78' lang='grc'>5.</span> <span class='ocrx_word' id='word_1_93' title='bbox 663 1288 704 1325; x_wconf 85' lang='lat' dir='ltr'>p.</span> <span class='ocrx_word' id='word_1_94' title='bbox 734 1276 943 1324; x_wconf 68' lang='lat'><strong>420-423.</strong></span> <span class='ocrx_word' id='word_1_95' title='bbox 973 1271 998 1295; x_wconf 69' lang='lat'>⁴‘</span> <span class='ocrx_word' id='word_1_96' title='bbox 1035 1271 1237 1323; x_wconf 71' lang='lat' dir='ltr'>Ejusdem</span> <span class='ocrx_word' id='word_1_97' title='bbox 1268 1284 1314 1309; x_wconf 80' lang='lat' dir='ltr'>ac</span> <span class='ocrx_word' id='word_1_98' title='bbox 1342 1274 1496 1322; x_wconf 86' lang='lat' dir='ltr'>prioris</span> <span class='ocrx_word' id='word_1_99' title='bbox 1526 1275 1707 1326; x_wconf 82' lang='lat' dir='ltr'>generis.</span> 
     </span>
    </p>

    <p class='ocr_par' dir='ltr' id='par_1_5' title="bbox 469 1345 1743 1710">
     <span class='ocr_line' id='line_1_16' title="bbox 469 1345 1742 1405; baseline 0.001 -18"><span class='ocrx_word' id='word_1_100' title='bbox 469 1357 558 1405; x_wconf 66' lang='lat'>455.</span> <span class='ocrx_word' id='word_1_101' title='bbox 598 1351 694 1390; x_wconf 79' lang='lat' dir='ltr'>Suis</span> <span class='ocrx_word' id='word_1_102' title='bbox 733 1347 975 1404; x_wconf 72' lang='lat' dir='ltr'>domestici.</span> <span class='ocrx_word' id='word_1_103' title='bbox 1030 1345 1247 1397; x_wconf 85' lang='lat' dir='ltr'>Adolph</span> <span class='ocrx_word' id='word_1_104' title='bbox 1285 1348 1511 1386; x_wconf 86' lang='lat' dir='ltr'>Modeer</span> <span class='ocrx_word' id='word_1_105' title='bbox 1566 1349 1648 1387; x_wconf 87' lang='lat' dir='ltr'>Om</span> <span class='ocrx_word' id='word_1_106' title='bbox 1689 1363 1742 1389; x_wconf 83' lang='lat' dir='ltr'>en</span> 
     </span>
     <span class='ocr_line' id='line_1_17' title="bbox 522 1421 1740 1478; baseline -0.002 -13"><span class='ocrx_word' id='word_1_107' title='bbox 522 1423 862 1478; x_wconf 82' lang='lat' dir='ltr'>Mask-sjukdom</span> <span class='ocrx_word' id='word_1_108' title='bbox 891 1424 954 1460; x_wconf 88' lang='lat' dir='ltr'>uti</span> <span class='ocrx_word' id='word_1_109' title='bbox 982 1421 1170 1460; x_wconf 81' lang='lat' dir='ltr'>Swinens</span> <span class='ocrx_word' id='word_1_110' title='bbox 1188 1422 1376 1475; x_wconf 83' lang='lat' dir='ltr'>Lungor.</span> <span class='ocrx_word' id='word_1_111' title='bbox 1419 1422 1485 1461; x_wconf 85' lang='lat' dir='ltr'>In:</span> <span class='ocrx_word' id='word_1_112' title='bbox 1506 1424 1575 1478; x_wconf 85' lang='lat' dir='ltr'>Ny</span> <span class='ocrx_word' id='word_1_113' title='bbox 1593 1424 1740 1464; x_wconf 85' lang='lat' dir='ltr'>Journ.</span> 
     </span>
     <span class='ocr_line' id='line_1_18' title="bbox 522 1499 1742 1551; baseline -0.002 -8"><span class='ocrx_word' id='word_1_114' title='bbox 522 1506 586 1543; x_wconf 81' lang='lat' dir='ltr'>uti</span> <span class='ocrx_word' id='word_1_115' title='bbox 613 1499 832 1540; x_wconf 71' lang='lat' dir='ltr'>Hushfflln.</span> <span class='ocrx_word' id='word_1_116' title='bbox 868 1512 977 1551; x_wconf 77' lang='lat'><strong>¹79¹·</strong></span> <span class='ocrx_word' id='word_1_117' title='bbox 1006 1512 1045 1549; x_wconf 86' lang='lat' dir='ltr'>p.</span> <span class='ocrx_word' id='word_1_118' title='bbox 1077 1504 1232 1548; x_wconf 78' lang='lat'><strong>75-83.</strong></span> <span class='ocrx_word' id='word_1_119' title='bbox 1264 1500 1287 1520; x_wconf 68' lang='lat'>‘¹‘</span> <span class='ocrx_word' id='word_1_120' title='bbox 1341 1499 1587 1539; x_wconf 77' lang='lat' dir='ltr'>Ascaridem</span> <span class='ocrx_word' id='word_1_121' title='bbox 1614 1501 1742 1541; x_wconf 87' lang='lat' dir='ltr'>bron-</span> 
     </span>
     <span class='ocr_line' id='line_1_19' title="bbox 523 1573 1743 1628; baseline -0.001 -10"><span class='ocrx_word' id='word_1_122' title='bbox 523 1578 717 1618; x_wconf 81' lang='lat' dir='ltr'>chiorum</span> <span class='ocrx_word' id='word_1_123' title='bbox 736 1577 818 1614; x_wconf 85' lang='lat' dir='ltr'>suis</span> <span class='ocrx_word' id='word_1_124' title='bbox 836 1584 976 1621; x_wconf 78' lang='lat' dir='ltr'>vocat,</span> <span class='ocrx_word' id='word_1_125' title='bbox 1005 1573 1081 1611; x_wconf 85' lang='lat' dir='ltr'>sed</span> <span class='ocrx_word' id='word_1_126' title='bbox 1098 1573 1346 1612; x_wconf 77' lang='lat' dir='ltr'>Ascaridem</span> <span class='ocrx_word' id='word_1_127' title='bbox 1362 1588 1451 1613; x_wconf 88' lang='lat' dir='ltr'>non</span> <span class='ocrx_word' id='word_1_128' title='bbox 1471 1590 1562 1615; x_wconf 88' lang='lat' dir='ltr'>esse</span> <span class='ocrx_word' id='word_1_129' title='bbox 1579 1579 1743 1628; x_wconf 86' lang='lat' dir='ltr'>(Stron-</span> 
     </span>
     <span class='ocr_line' id='line_1_20' title="bbox 524 1650 1741 1710; baseline 0.001 -18"><span class='ocrx_word' id='word_1_130' title='bbox 524 1652 668 1710; x_wconf 84' lang='lat' dir='ltr'>gylum</span> <span class='ocrx_word' id='word_1_131' title='bbox 695 1652 864 1703; x_wconf 70' lang='lat' dir='ltr'>potius)</span> <span class='ocrx_word' id='word_1_132' title='bbox 908 1663 957 1687; x_wconf 86' lang='lat' dir='ltr'>ex</span> <span class='ocrx_word' id='word_1_133' title='bbox 985 1650 1272 1701; x_wconf 82' lang='lat' dir='ltr'>descriptione</span> <span class='ocrx_word' id='word_1_134' title='bbox 1313 1654 1564 1704; x_wconf 84' lang='lat' dir='ltr'>ceteroquin</span> <span class='ocrx_word' id='word_1_135' title='bbox 1590 1668 1741 1694; x_wconf 78' lang='lat' dir='ltr'>manca</span> 
     </span>
    </p>

    <p class='ocr_par' dir='ltr' id='par_1_6' title="bbox 475 1725 1740 1784">
     <span class='ocr_line' id='line_1_21' title="bbox 475 1725 1740 1784; baseline 0.001 -15"><span class='ocrx_word' id='word_1_136' title='bbox 475 1759 479 1762; x_wconf 84' lang='lat'>-</span> <span class='ocrx_word' id='word_1_137' title='bbox 521 1739 652 1784; x_wconf 81' lang='lat' dir='ltr'>patet.</span> <span class='ocrx_word' id='word_1_138' title='bbox 717 1726 921 1766; x_wconf 78' lang='lat' dir='ltr'>Morbum</span> <span class='ocrx_word' id='word_1_139' title='bbox 957 1725 1058 1765; x_wconf 87' lang='lat' dir='ltr'>inde</span> <span class='ocrx_word' id='word_1_140' title='bbox 1099 1728 1224 1775; x_wconf 84' lang='lat' dir='ltr'>cieri,</span> <span class='ocrx_word' id='word_1_141' title='bbox 1272 1729 1315 1764; x_wconf 82' lang='lat' dir='ltr'>in</span> <span class='ocrx_word' id='word_1_142' title='bbox 1343 1729 1465 1765; x_wconf 80' lang='lat' dir='ltr'>unica</span> <span class='ocrx_word' id='word_1_143' title='bbox 1495 1737 1637 1766; x_wconf 77' lang='lat' dir='ltr'>tamen</span> <span class='ocrx_word' id='word_1_144' title='bbox 1665 1744 1740 1770; x_wconf 85' lang='lat' dir='ltr'>sue</span> 
     </span>
    </p>
   </div>
   <div class='ocr_carea' id='block_1_3' title="bbox 523 1803 1693 1855">
    <p class='ocr_par' dir='ltr' id='par_1_7' title="bbox 523 1803 1693 1855">
     <span class='ocr_line' id='line_1_22' title="bbox 523 1803 1693 1855; baseline -0.002 -9"><span class='ocrx_word' id='word_1_145' title='bbox 523 1818 688 1846; x_wconf 81' lang='lat' dir='ltr'>tantum</span> <span class='ocrx_word' id='word_1_146' title='bbox 717 1804 1010 1853; x_wconf 76' lang='lat' dir='ltr'>observatum,</span> <span class='ocrx_word' id='word_1_147' title='bbox 1042 1813 1231 1842; x_wconf 82' lang='lat' dir='ltr'>ceterum</span> <span class='ocrx_word' id='word_1_148' title='bbox 1259 1803 1473 1855; x_wconf 79' lang='lat' dir='ltr'>prioribus</span> <span class='ocrx_word' id='word_1_149' title='bbox 1504 1805 1693 1844; x_wconf 88' lang='lat' dir='ltr'>similem.</span> 
     </span>
    </p>
   </div>
   <div class='ocr_carea' id='block_1_4' title="bbox 897 1932 1311 1972">
    <p class='ocr_par' dir='ltr' id='par_1_8' title="bbox 897 1932 1311 1972">
     <span class='ocr_line' id='line_1_23' title="bbox 897 1932 1311 1972; baseline -0.002 0"><span class='ocrx_word' id='word_1_150' title='bbox 897 1944 931 1972; x_wconf 74' lang='lat' dir='ltr'>c.</span> <span class='ocrx_word' id='word_1_151' title='bbox 992 1932 1311 1972; x_wconf 82' lang='lat' dir='ltr'><em>Avium.</em></span> 
     </span>
    </p>
   </div>
   <div class='ocr_carea' id='block_1_5' title="bbox 467 2031 1737 2544">
    <p class='ocr_par' dir='ltr' id='par_1_9' title="bbox 467 2031 1737 2544">
     <span class='ocr_line' id='line_1_24' title="bbox 467 2031 1735 2090; baseline -0.001 -15"><span class='ocrx_word' id='word_1_152' title='bbox 467 2037 557 2090; x_wconf 70' lang='grc'>456.</span> <span class='ocrx_word' id='word_1_153' title='bbox 589 2050 622 2075; x_wconf 81' lang='lat' dir='ltr'>a.</span> <span class='ocrx_word' id='word_1_154' title='bbox 652 2032 866 2073; x_wconf 74' lang='lat' dir='ltr'>Pelecani</span> <span class='ocrx_word' id='word_1_155' title='bbox 895 2034 1125 2072; x_wconf 80' lang='lat' dir='ltr'>Carbonis.</span> <span class='ocrx_word' id='word_1_156' title='bbox 1181 2032 1466 2082; x_wconf 80' lang='lat' dir='ltr'>Perrault,</span> <span class='ocrx_word' id='word_1_157' title='bbox 1496 2031 1735 2074; x_wconf 77' lang='lat' dir='ltr'>Charras</span> 
     </span>
     <span class='ocr_line' id='line_1_25' title="bbox 519 2108 1737 2163; baseline -0.001 -12"><span class='ocrx_word' id='word_1_158' title='bbox 519 2112 612 2151; x_wconf 82' lang='lat' dir='ltr'>und</span> <span class='ocrx_word' id='word_1_159' title='bbox 638 2109 678 2151; x_wconf 91' lang='lat' dir='ltr'>D</span> <span class='ocrx_word' id='word_1_160' title='bbox 694 2111 857 2149; x_wconf 81' lang='lat' dir='ltr'>odart</span> <span class='ocrx_word' id='word_1_161' title='bbox 892 2109 1234 2163; x_wconf 74' lang='lat' dir='ltr'>Abhandlungen</span> <span class='ocrx_word' id='word_1_162' title='bbox 1263 2123 1336 2147; x_wconf 85' lang='lat' dir='ltr'>zur</span> <span class='ocrx_word' id='word_1_163' title='bbox 1361 2108 1737 2162; x_wconf 82' lang='lat' dir='ltr'>Naturgeschichte</span> 
     </span>
     <span class='ocr_line' id='line_1_26' title="bbox 522 2185 1733 2238; baseline -0.003 -9"><span class='ocrx_word' id='word_1_164' title='bbox 522 2189 601 2229; x_wconf 83' lang='lat' dir='ltr'>der</span> <span class='ocrx_word' id='word_1_165' title='bbox 627 2185 783 2227; x_wconf 83' lang='lat' dir='ltr'>Thiere</span> <span class='ocrx_word' id='word_1_166' title='bbox 811 2186 902 2225; x_wconf 88' lang='lat' dir='ltr'>und</span> <span class='ocrx_word' id='word_1_167' title='bbox 929 2185 1135 2225; x_wconf 77' lang='lat' dir='ltr'>Pflanzen.</span> <span class='ocrx_word' id='word_1_168' title='bbox 1178 2186 1224 2223; x_wconf 89' lang='lat' dir='ltr'>A.</span> <span class='ocrx_word' id='word_1_169' title='bbox 1249 2185 1287 2222; x_wconf 88' lang='lat' dir='ltr'>d.</span> <span class='ocrx_word' id='word_1_170' title='bbox 1313 2186 1457 2223; x_wconf 84' lang='lat' dir='ltr'>Franz.</span> <span class='ocrx_word' id='word_1_171' title='bbox 1495 2200 1522 2224; x_wconf 75' lang='grc' dir='ltr'>ι.</span> <span class='ocrx_word' id='word_1_172' title='bbox 1546 2186 1588 2224; x_wconf 92' lang='grc' dir='ltr'>Β.</span> <span class='ocrx_word' id='word_1_173' title='bbox 1625 2192 1733 2238; x_wconf 82' lang='lat'><strong><em>1757.</em></strong></span> 
     </span>
     <span class='ocr_line' id='line_1_27' title="bbox 520 2259 1735 2317; baseline -0.001 -14"><span class='ocrx_word' id='word_1_174' title='bbox 520 2270 557 2317; x_wconf 68' lang='grc'>4.</span> <span class='ocrx_word' id='word_1_175' title='bbox 587 2265 612 2292; x_wconf 60' lang='lat'>³*</span> <span class='ocrx_word' id='word_1_176' title='bbox 639 2264 690 2312; x_wconf 82' lang='lat' dir='ltr'>In</span> <span class='ocrx_word' id='word_1_177' title='bbox 716 2263 848 2302; x_wconf 90' lang='lat' dir='ltr'>bulbo</span> <span class='ocrx_word' id='word_1_178' title='bbox 878 2259 1101 2302; x_wconf 78' lang='lat' dir='ltr'>ventriculi</span> <span class='ocrx_word' id='word_1_179' title='bbox 1128 2261 1324 2301; x_wconf 70' lang='lat' dir='ltr'>Pelecani</span> <span class='ocrx_word' id='word_1_180' title='bbox 1353 2261 1556 2301; x_wconf 84' lang='lat' dir='ltr'>Carbonis</span> <span class='ocrx_word' id='word_1_181' title='bbox 1580 2263 1735 2303; x_wconf 85' lang='lat' dir='ltr'>multos</span> 
     </span>
     <span class='ocr_line' id='line_1_28' title="bbox 521 2337 1732 2393; baseline -0.003 -12"><span class='ocrx_word' id='word_1_182' title='bbox 521 2356 701 2390; x_wconf 86' lang='lat' dir='ltr'>vermes,</span> <span class='ocrx_word' id='word_1_183' title='bbox 727 2347 844 2387; x_wconf 83' lang='lat' dir='ltr'>8·1o</span> <span class='ocrx_word' id='word_1_184' title='bbox 870 2339 942 2378; x_wconf 90' lang='lat' dir='ltr'>lin.</span> <span class='ocrx_word' id='word_1_185' title='bbox 971 2339 1141 2393; x_wconf 85' lang='lat' dir='ltr'>longos,</span> <span class='ocrx_word' id='word_1_186' title='bbox 1171 2337 1354 2377; x_wconf 75' lang='lat' dir='ltr'>aciculae</span> <span class='ocrx_word' id='word_1_187' title='bbox 1384 2341 1584 2386; x_wconf 78' lang='lat' dir='ltr'>crassitie,</span> <span class='ocrx_word' id='word_1_188' title='bbox 1615 2338 1732 2378; x_wconf 81' lang='lat' dir='ltr'>albos</span> 
     </span>
     <span class='ocr_line' id='line_1_29' title="bbox 522 2414 1730 2470; baseline -0.003 -13"><span class='ocrx_word' id='word_1_189' title='bbox 522 2428 565 2457; x_wconf 86' lang='lat' dir='ltr'>et</span> <span class='ocrx_word' id='word_1_190' title='bbox 590 2414 832 2469; x_wconf 85' lang='lat' dir='ltr'>pellucidos</span> <span class='ocrx_word' id='word_1_191' title='bbox 860 2416 972 2455; x_wconf 81' lang='lat' dir='ltr'>linea</span> <span class='ocrx_word' id='word_1_192' title='bbox 1000 2416 1140 2455; x_wconf 81' lang='lat' dir='ltr'>media</span> <span class='ocrx_word' id='word_1_193' title='bbox 1167 2429 1194 2453; x_wconf 88' lang='lat' dir='ltr'>s.</span> <span class='ocrx_word' id='word_1_194' title='bbox 1227 2429 1333 2455; x_wconf 73' lang='lat' dir='ltr'>vena</span> <span class='ocrx_word' id='word_1_195' title='bbox 1362 2416 1504 2470; x_wconf 81' lang='lat' dir='ltr'>nigra,</span> <span class='ocrx_word' id='word_1_196' title='bbox 1532 2418 1730 2468; x_wconf 85' lang='lat' dir='ltr'>utrinque</span> 
     </span>
     <span class='ocr_line' id='line_1_30' title="bbox 522 2493 1728 2544; baseline -0.002 -11"><span class='ocrx_word' id='word_1_197' title='bbox 522 2503 783 2542; x_wconf 79' lang='lat' dir='ltr'>attenuatos,</span> <span class='ocrx_word' id='word_1_198' title='bbox 829 2493 965 2534; x_wconf 80' lang='lat' dir='ltr'>cauda</span> <span class='ocrx_word' id='word_1_199' title='bbox 1004 2502 1148 2540; x_wconf 70' lang='lat' dir='ltr'>acuta,</span> <span class='ocrx_word' id='word_1_200' title='bbox 1194 2502 1387 2544; x_wconf 75' lang='lat' dir='ltr'>repertos</span> <span class='ocrx_word' id='word_1_201' title='bbox 1433 2506 1523 2531; x_wconf 83' lang='lat' dir='ltr'>esse</span> <span class='ocrx_word' id='word_1_202' title='bbox 1561 2506 1602 2544; x_wconf 84' lang='lat' dir='ltr'>p.</span> <span class='ocrx_word' id='word_1_203' title='bbox 1642 2497 1728 2537; x_wconf 78' lang='lat'><strong>255.</strong></span> 
     </span>
    </p>
   </div>
   <div class='ocr_carea' id='block_1_6' title="bbox 520 2570 710 2609">
    <p class='ocr_par' dir='ltr' id='par_1_10' title="bbox 520 2570 710 2609">
     <span class='ocr_line' id='line_1_31' title="bbox 520 2570 710 2609; baseline -0.005 0"><span class='ocrx_word' id='word_1_204' title='bbox 520 2570 710 2609; x_wconf 80' lang='lat' dir='ltr'>traditur.</span> 
     </span>
    </p>
   </div>
  </div>
 </body>
</html>
