1801 3066
455 200 537 247 κιαι

459 315 641 355 corpora
657 313 746 339 esse
763 309 804 339 et
814 301 907 338 viva
919 309 960 337 et
973 299 1173 352 organica
1186 296 1464 345 oblivisceris,
1482 299 1720 338 nec'infimo

459 376 905 434 quidempositaloco,
928 372 1082 426 quibus
1097 373 1248 413 eadem
1272 389 1407 426 aeque
1422 370 1532 413 bene
1547 389 1594 413 ac
1612 385 1723 414 cete-

457 460 512 496 ris
535 452 810 495 animantibus
833 460 1076 501 competere
1090 454 1265 501 possint.
1298 452 1495 504 Quonam
1511 453 1620 489 enim
1632 466 1734 504 mos

457 534 529 582 do,
557 544 645 570 non
671 533 869 579 interest,
898 526 975 566 sed
1003 525 1129 579 quale
1159 540 1335 579 germen
1362 537 1555 566 exortum
1581 530 1645 576 sit,
1675 529 1722 568 id

457 621 532 659 est,
562 616 718 662 quanta
734 608 819 657 ejus
840 606 892 641 sit
905 605 965 641 vis
981 603 1249 654 productiva.
1288 602 1478 655 Quodvis
1492 606 1609 644 ,enim
1627 619 1721 659 ger-

455 700 553 725 men
582 683 658 724 sub
688 683 807 718 initio
838 679 1026 730 simplex,
1055 682 1095 717 Vi
1126 689 1265 717 autem
1295 681 1437 718 innata
1464 691 1605 732 partes
1627 696 1722 720 sen-

451 765 528 802 sim
555 758 743 813 partibus
773 756 903 804 addit,
934 756 1075 794 donec
1095 771 1190 794 eum
1213 755 1487 807 perfectionis
1511 771 1585 796 seu
1607 772 1720 796 com-

449 838 672 890 positionis
702 834 893 887 gradum,
924 835 996 884 qui
1026 834 1064 870 ei
1094 831 1287 880 debetur,
1318 835 1512 887 attigerit.
1571 835 1719 886 Quod-

450 918 511 954 vis
542 925 737 966 organon
766 909 1152 948 artificiosissimum
1180 922 1260 946 nec
1287 923 1364 947 usu
1394 923 1564 959 carens,
1606 920 1648 949 et
1675 913 1719 949 in

450 992 642 1045 germine
681 989 784 1026 oriri
812 987 1003 1038 potuisse
1033 985 1223 1035 tantillo,
1266 985 1457 1024 miraculi
1486 988 1618 1024 instar
1646 985 1719 1025 ha-

448 1067 650 1106 bendum.
697 1065 841 1102 Partes
871 1072 1013 1100 autem
1041 1059 1124 1099 hoc
1151 1063 1194 1099 in
1224 1075 1406 1113 corpore
1434 1061 1719 1114 multiplican-

451 1155 542 1192 tur,
582 1141 669 1180 aliis
706 1140 983 1191 paucissimae
1023 1138 1337 1185 conceduntur,
1373 1139 1430 1175 sic
1469 1138 1718 1178 animalcula

453 1220 583 1272 longe
601 1216 784 1269 plurima
807 1213 983 1251 alterum
1001 1213 1215 1260 duntaxat,
1244 1214 1454 1264 quaedam
1471 1225 1714 1268 utrumque,

449 1295 529 1333 alia
556 1296 711 1331 iterum
737 1299 939 1328 neutrum
968 1290 1126 1327 sistunt.
1174 1289 1330 1327 Omnes
1359 1291 1463 1328 istae
1491 1292 1714 1330 varietates

448 1374 492 1408 in
521 1369 736 1414 entozois‚
764 1376 812 1404 ut
839 1379 968 1417 supra
997 1368 1230 1417 expositum
1260 1374 1343 1412 est,
1371 1363 1514 1403 locum
1543 1365 1715 1416 habent,

450 1462 525 1486 cur
554 1445 652 1484 talia
679 1457 798 1492 vero,
826 1457 906 1481 nec
936 1441 1017 1480 alio
1047 1442 1177 1479 modo
1199 1451 1440 1493 comparata
1460 1444 1555 1492 sint,
1586 1456 1715 1495 quae·-

448 1526 527 1562 stio
569 1531 631 1560 est
666 1524 885 1573 nunquam
921 1518 1148 1567 solvenda,
1202 1520 1282 1556 nisi
1316 1528 1512 1556 naturam
1551 1532 1714 1568 omnes,

448 1613 551 1652 quas
579 1597 764 1636 reddere
785 1596 987 1647 potuerit,
1015 1593 1173 1631 formas
1196 1595 1432 1633 reddidisse
1452 1596 1577 1634 dicas.
1625 1598 1714 1635 Cur

447 1672 685 1713 mammalia
725 1672 903 1718 dentur,
947 1684 1022 1708 cur
1051 1684 1170 1718 aves,
1208 1684 1283 1708 cur
1312 1671 1523 1722 quaedam
1551 1667 1634 1710 alio
1665 1686 1713 1710 ac

447 1750 612 1802 reliqua
647 1748 779 1786 modo
821 1756 1065 1801 comparata
1103 1748 1208 1795 sintj
1256 1757 1297 1784 et
1325 1761 1434 1799 quae
1463 1745 1583 1798 hujus
1611 1747 1712 1785 fari-

444 1840 525 1865 nae
552 1835 648 1864 sunt
674 1826 910 1873 innumera,
939 1837 1028 1862 non
1057 1836 1106 1862 ex
1132 1821 1319 1872 homine,
1349 1823 1425 1861 sed
1444 1837 1493 1862 ex
1516 1833 1712 1874 creatore

442 1915 631 1957 quaeras.

522 1979 570 2016 C.
625 1977 820 2015 Tertium
858 1976 1064 2029 denique,
1112 1976 1231 2028 quod
1269 1978 1434 2027 saepius
1465 1976 1605 2015 audivi
1634 1975 1733 2016 du-¹

444 2055 585 2101 bium,
626 2066 720 2090 cum
759 2052 943 2090 secundo
984 2052 1196 2090 coincidit.
1251 2052 1313 2091 Ex
1339 2055 1616 2106 generatione
1643 2055 1709 2091 ni·
1750 2086 1753 2092 ..

444 2133 597 2169 mirum
639 2138 872 2180 spontanea
909 2126 1011 2165 nihil
1049 2131 1153 2167 certi
1191 2137 1262 2166 aut
1291 2127 1583 2177 determinati,
1630 2129 1708 2168 sed

446 2219 631 2258 corpora
659 2213 822 2243 tantum
851 2205 954 2242 oriri
979 2218 1106 2256 posse
1131 2219 1237 2259 vaga
1266 2214 1307 2243 et
1335 2204 1566 2256 deformia,
1606 2218 1707 2245 con-

443 2283 637 2321 tendunt.

522 2359 860 2398 Generationem
898 2359 1018 2396 istam
1055 2359 1128 2409 qui
1156 2370 1180 2394 a
1209 2369 1307 2394 casu
1337 2356 1584 2408 dependere
1613 2358 1705 2408 opi-

437 2445 616 2483 nantur,
657 2444 771 2473 recte
800 2435 972 2472 omnino
1002 2435 1060 2472 ita
1090 2432 1376 2482 concludunt,
1404 2431 1534 2471 iidem
1562 2440 1702 2471 autem
