1801 3066
450 127 529 173 506
917 143 919 146 ’
1048 136 1052 153 s

454 232 677 285 superficie
705 235 999 273 intestinorum
1027 238 1191 274 interna
1223 250 1311 275 non
1341 251 1586 290 avocarent,
1617 244 1718 284 dum
1744 249 1748 253 ’

453 312 618 362 spiritui
646 312 730 349 vini
756 313 930 349 immissi
960 322 1000 350 et
1028 315 1071 349 in
1103 313 1256 350 eodem
1287 318 1424 352 necati
1452 316 1627 357 villosae
1655 323 1717 359 in-

452 384 654 436 haerent,
711 396 752 424 et
787 387 1054 439 perforantes
1098 400 1348 438 remanent,
1405 394 1524 444 quod
1561 383 1719 435 ibidem

453 465 641 514 exposui.
1682 448 1690 455 l

531 539 945 585 Medicamentorum
1005 549 1276 580 externorum
1325 557 1346 582 a
1392 559 1460 583 1110
1510 542 1718 588 dictorum

453 601 597 664 vimus,
627 614 724 654 licet
753 630 840 653 non
871 615 1243 666 antihehmnthica,
1274 634 1433 658 summa
1464 631 1720 674 tamen'est,

451 702 492 730 et
519 694 607 743 ipse
637 691 864 730 infantibus
894 697 1019 740 meis,
1077 693 1251 746 ahisque
1285 694 1559 747 lactentibus,
1616 701 1718 739 dum

448 767 585 806 faeces
615 767 942 817 viridescentes,
971 780 1125 808 ventris
1156 775 1351 820 tormina,
1383 784 1422 811 et
1452 774 1601 813 similia
1628 789 1718 814 ma-

449 843 489 883 la
528 843 807 892 accederent,
861 843 919 881 nil
958 847 1037 883 nisi
1084 846 1226 886 oleum
1268 851 1460 901 Cajeputi
1498 851 1717 891 abdomini

448 920 765 973 inungendum,
819 920 886 958 vel
934 921 1056 960 simu]
1109 926 1233 961 etiam
1282 924 1480 965 balneum
1525 929 1715 980 tepidum

448 996 807 1049 praescribendo,
863 996 1035 1036 dolores
1068 1000 1223 1038 colicos
1254 1002 1392 1042 subito
1424 1018 1585 1043 cessare
1614 1005 1714 1044 vidi.

449 1074 544 1111 Hoc
565 1072 814 1123 'saepissime
845 1071 1136 1122 observando,
1167 1081 1371 1116 vermium
1400 1083 1574 1134 vestigia
1599 1080 1717 1120 nulla

449 1147 603 1196 habui,
632 1158 679 1186 ut
708 1149 760 1186 ad
790 1150 963 1187 eosdem
992 1164 1175 1189 animum
1204 1167 1291 1192 non
1322 1156 1610 1205 adverterem,
1640 1158 1715 1196 sed

450 1227 660 1262 actionem
691 1225 989 1262 medicamenti
1018 1229 1062 1263 in
1089 1240 1240 1265 nervos
1277 1241 1582 1280 exspectarem,
1634 1246 1715 1272 nec

450 1314 543 1352 spes
574 1299 733 1358 fefellit.
791 1301 964 1339 Vermes
993 1316 1095 1340 num
1126 1305 1286 1352 adsint,
1323 1319 1400 1343 nec
1428 1319 1505 1354 ne,
1541 1305 1622 1345 hoc
1650 1322 1716 1346 re-

450 1387 597 1429 spectu
625 1377 738 1415 idem
769 1387 854 1426 est,
904 1389 944 1416 et
973 1378 1047 1416 sub
1081 1379 1213 1418 colica
1255 1379 1473 1419 Hatulenta
1503 1392 1574 1420 aut
1602 1396 1717 1434 spasa

447 1454 641 1502 modica,
686 1467 811 1505 saepe
841 1455 1014 1494 medicis
1043 1462 1281 1494 verminosa
1310 1459 1418 1505 visa,
1466 1467 1550 1495 tam
1580 1442 1714 1498 active

450 1530 609 1578 calida,
639 1544 765 1583 quam
795 1534 1021 1583 spirituosa
1050 1532 1116 1571 vei
1147 1537 1375 1573 aromatica
1400 1523 1619 1583 'abdomini
1649 1530 1719 1573 ex?

447 1617 569 1646 terne
599 1606 806 1659 applicata
835 1622 1003 1662 semper
1033 1608 1248 1662 juvabunt.

1022 1689 1059 1737 §.
1089 1700 1126 1735 7.

820 1761 897 1802 De
932 1776 1079 1802 curae
1111 1773 1339 1821 tempore.

527 1843 656 1882 Varia
684 1843 919 1897 Astrologis
952 1853 992 1882 et
1019 1845 1156 1897 Magis
1189 1843 1289 1882 olim
1319 1853 1513 1895 accepta,
1543 1845 1586 1881 in
1615 1846 1712 1884 artis

447 1919 637 1958 medicae
668 1919 947 1972 opprobrium
975 1919 1070 1958 hinc
1097 1921 1198 1958 inde
1230 1919 1472 1958 adhucdum
1500 1919 1711 1976 foventur.

449 1998 564 2035 Haec
606 1999 715 2036 inter
755 1998 921 2036 dierum
961 1997 1229 2050 quorundam
1266 1995 1332 2033 vel
1375 1995 1610 2036 faustorum
1647 1996 1714 2036 vel

448 2073 728 2112 infaustorum
775 2073 953 2128 religio,
1007 2076 1238 2125 Lunaeque
1283 2075 1328 2110 in
1374 2086 1450 2111 nos
1489 2074 1712 2124 imperium

450 2152 783 2188 commentitium
829 2152 1026 2191 eminent.
1109 2151 1271 2187 Lunam
1312 2149 1509 2201 equidem
1542 2152 1712 2204 11001111-
1759 2167 1761 2169 ’

451 2226 547 2263 dam
577 2226 739 2278 lapides
768 2229 863 2266 satis
893 2240 1070 2280 magnos
1100 2228 1144 2263 in
1170 2223 1383 2275 planetam
1413 2236 1619 2275 nostrum,
1649 2227 1712 2264 sui

449 2304 585 2344 minus
613 2317 871 2351 memorem,
898 2302 1070 2356 jaculari
1100 2300 1322 2350 exhibent,
1350 2301 1622 2340 nihilominus
1652 2310 1712 2339 ta-

448 2393 548 2417 men
577 2380 762 2440 ejusdem
789 2382 833 2419 in
859 2389 1026 2419 nosmet
1053 2381 1137 2418 vim
1163 2380 1358 2417 nondum
1377 2377 1600 2431 probatam
1621 2390 1711 2418 esse

450 2456 755 2496 contendimus.
