1801 3066
1243 201 1319 244 391

53 297 218 350 frigoris
246 296 452 335 tolerandi
477 294 630 340 inscia,
658 294 702 331 in
729 292 876 344 tepido
914 296 1095 344 partium
1133 297 1318 336 animali-

53 386 127 410 um
153 385 251 411 rore
278 372 367 410 sola
397 371 631 408 conservari
652 378 816 421 potest;
844 368 1051 408 mobilitas
1076 376 1203 412 totius
1228 387 1318 413 cor-

53 452 167 501 poris
196 460 357 487 summa
385 446 467 483 hoc
495 448 539 483 in
567 449 747 498 spatium
774 448 994 484 minimum
1017 450 1219 495 contrahi,
1250 451 1317 490 vel

54 526 290 580 longissime
319 523 486 562 extendi
513 527 728 575 permittit,
758 532 805 561 ut
834 521 982 560 eadem
1018 521 1082 560 vel
1116 522 1234 573 plicis
1274 539 1318 563 se

50 605 261 640 insinuent
302 610 341 639 et
386 599 660 645 abscondant,
706 598 770 637 vel
811 607 990 636 tractum
1035 599 1316 637 intestinalern

51 686 313 729 perreptent;
334 676 477 715 oscula
504 678 686 714 suctoria
712 675 972 722 musculosa,
1008 674 1074 713 vel
1109 677 1319 713 retinacu-

50 753 88 791 le
119 754 391 799 unciformia‚
421 765 603 805 quorum
634 765 718 803 ope
747 751 908 805 absque
925 752 1106 801 partiu‘m
1132 750 1318 790 laesione

52 829 283 867 firmissime
311 831 359 867 iis
389 827 647 876 inhaereant,
690 842 853 867 summa
896 840 1031 880 eaque
1072 827 1235 878 pollent
1262 829 1316 874 vi,

50 914 99 942 ut
125 918 284 943 vermes
314 904 454 943 affixos
480 905 643 944 facilius
680 906 934 956 disrumpas,
971 916 1100 956 quam
1136 916 1160 941 a
1194 910 1318 954 parte

52 991 215 1034 arrepta
242 995 476 1026 semoveas,·
514 981 767 1020 absorbendi
793 980 970 1019 facultas
998 979 1188 1030 plurimis
1219 992 1318 1016 con-

52 1072 162 1097 cessa
192 1058 382 1095 alimenta
411 1060 459 1095 iis
489 1058 657 1096 advehit
680 1057 880 1096 facillime
905 1054 1195 1099 assimilanda3
1225 1053 1317 1092 bre-

8 1167 16 1171 ,
49 1138 105 1182 vi,
135 1137 276 1173 omnia
303 1146 384 1185 pro
412 1133 524 1181 loco,
554 1147 682 1187 quem
710 1143 865 1180 tenent,
896 1131 1095 1187 singulari
1123 1139 1164 1169 et
1191 1132 1317 1182 aptis-

50 1214 155 1250 simo
203 1212 374 1263 quidem
419 1210 552 1248 modo
596 1213 844 1262 composita,
889 1209 950 1247 illi
993 1209 1198 1247 destinata
1227 1219 1316 1246 esse

50 1288 250 1340 produnt.
303 1287 427 1324 Ratio
455 1299 583 1337 porro
617 1288 728 1323 inter
766 1298 898 1323 mares
928 1294 970 1323 et
995 1285 1169 1322 feminas
1209 1283 1315 1332 (illis

54 1377 220 1415 semper
248 1363 379 1400 multo
409 1363 733 1415 frequentiores)
771 1361 983 1404 obtineam
1019 1360 1243 1398 ovulorum
1273 1368 1316 1397 et

55 1440 331 1493 embryonum
366 1452 563 1478 numerus
599 1441 766 1491 ingens,
805 1450 891 1491 quo
927 1436 1133 1475 nonnulla
1169 1435 1315 1474 saltem

51 1525 365 1561 conserventu13
407 1514 561 1554 horum
605 1515 764 1554 fabrica
804 1524 968 1560 tenera,
1014 1525 1123 1564 quae
1167 1512 1316 1549 eadem

52 1591 154 1631 alios
179 1594 224 1630 in
249 1591 370 1629 locos
399 1592 669 1641 transportari
695 1600 818 1636 vetat,
847 1599 893 1627 ut
922 1601 1008 1641 quo
1031 1588 1313 1639 deponantur,

51 1670 174 1706 etiam
203 1667 474 1706 excludantur
501 1675 543 1704 et
570 1667 831 1714 adolescant;
866 1668 951 1704 vita
985 1663 1157 1702 tandem
1185 1660 1315 1713 pluri-

48 1758 214 1782 morum
238 1745 515 1800 fugacissima,
541 1752 668 1796 partu
687 1750 865 1797 peracto
882 1739 1061 1788 sublata,
1088 1739 1203 1778 idem
1223 1751 1313 1776 om-

47 1824 149 1860 nino
178 1821 344 1863 docent.

129 1895 335 1936 Omnibus
361 1896 445 1933 istis
471 1897 702 1947 pensitatis,
727 1907 817 1934 non
843 1905 1065 1945 possumus
1095 1893 1196 1945 quin
1224 1903 1313 1930 ver-

49 1988 136 2013 mes
165 1971 407 2012 animalibus
434 1973 598 2011 innatos
637 1986 724 2011 esse
757 1971 990 2013 fateamur3
1025 1971 1059 2007 si
1097 1969 1150 2007 de
1176 1968 1310 2006 modo

50 2059 207 2096 autem,
236 2062 322 2101 quo
350 2051 633 2095 innascantur,
663 2046 778 2100 apud
804 2048 1028 2098 scriptores
1058 2047 1212 2099 agitur,
1239 2058 1312 2082 va-

49 2129 128 2165 rias
154 2128 305 2164 iterum
333 2128 379 2163 in
412 2127 635 2164 sententias
679 2123 856 2169 abeunt,
899 2131 943 2162 et
986 2122 1051 2160 vel
1090 2130 1313 2174 parentum

51 2214 134 2253 ope
158 2200 358 2239 foetubus
385 2201 508 2247 tradi,
536 2201 602 2239 vel
628 2200 899 2254 generafione
933 2208 1188 2251 spontanea,
1226 2206 1310 2242 aut,

52 2291 180 2330 quam
205 2286 372 2325 vocant,
399 2280 645 2331 aequivoca,
675 2278 774 2315 oriri
799 2274 1031 2329 perhibent.

616 2355 654 2410 §-
684 2367 723 2405 3-

265 2432 347 2476 An
374 2437 527 2494 patris
558 2451 650 2495 ope
682 2436 1104 2479 communicentur.

133 2518 198 2557 Ne
225 2515 339 2556 hunc
366 2526 482 2557 ortus
503 2519 680 2559 modum
701 2521 962 2573 praeteriisse
980 2517 1138 2565 videar,
1165 2516 1310 2569 paucis
