1801 3066
477 181 555 221 292

479 261 688 327 reptatam
714 273 822 319 vidi;
851 287 901 312 ex
929 272 1047 324 hujus
1078 280 1219 311 autem
1249 270 1402 310 sacculi
1429 274 1547 324 apice
1577 287 1751 326 eorpus·
1800 257 1801 274 ³

480 337 574 391 cula
618 351 704 389 duo
745 349 996 404 pyriformia
1034 346 1222 401 (globuli
1262 347 1364 387 olim
1401 348 1574 401 inclusi)
1615 349 1751 389 libera

479 425 835 480 propendebant,
885 424 995 463 conf.
1032 423 1136 462 Tab.
1165 424 1236 462 IV.
1280 425 1368 478 Fig.
1406 429 1442 475 4.
1473 434 1510 463 e.
1537 425 1564 463 f.
1629 426 1752 465 Dicta

478 502 687 556 triplicem
730 515 993 555 organorum
1035 498 1321 538 masculorum
1359 510 1513 539 statum
1542 511 1751 555 arguuntg

479 584 525 619 in
550 581 717 632 primo:
751 577 979 616 abdomine
1010 578 1304 621 continentur;
1333 579 1377 634 in
1406 577 1595 616 secundo
1615 589 1782 617 saccum

478 654 568 694 lum
595 658 830 699 intravere;
859 656 902 692 in
931 655 1056 692 tertio
1080 652 1267 700 demum,
1298 662 1339 691 et
1364 652 1617 692 evolutionis
1641 660 1755 691 sum*

478 746 551 771 mo
580 739 826 777 momento,
876 742 925 767 ex
953 742 1075 767 sacco
1114 729 1413 780 propendent,
1458 740 1604 767 semen
1633 729 1754 766 emis-

483 806 590 847 sura.
647 808 729 845 Pro
766 803 959 843 vesiculis
1001 806 1112 841 enim
1151 802 1420 842 seminalibus
1463 802 1532 844 ve]-
1565 802 1753 856 partibus

483 883 673 937 analogis
701 872 904 936 'globulos
934 878 1171 930 habuerim,
1203 890 1244 919 et
1273 881 1447 919 eosdem
1473 881 1645 920 nonnisi
1670 876 1755 918 coi-

481 969 545 998 tus
577 969 772 1010 tempore
800 955 936 995 libere
969 966 1131 994 exstare
1161 956 1430 996 crediderim.

559 1036 775 1073 Feminae
817 1042 1026 1071 structura
1066 1031 1199 1071 multo
1245 1033 1486 1084 simplicior.
1556 1031 1756 1070 Echino-

481 1110 673 1163 rhynchz·
700 1110 907 1160 gigantei
936 1121 1119 1159 corpore
1149 1108 1287 1163 digitis
1319 1121 1590 1160 compresso,
1628 1105 1755 1146 ovula

482 1202 533 1228 ex
559 1185 829 1238 proboscidis
861 1187 980 1235 apice
1011 1187 1216 1233 eructari,
1245 1195 1330 1223 tam
1360 1185 1559 1222 Goezii
1589 1194 1631 1222 et
1656 1184 1753 1222 Ze—

483 1263 547 1316 de
559 1265 602 1300 ri
633 1274 759 1313 quam
786 1261 889 1297 meis
929 1262 1224 1311 experimentis
1256 1261 1442 1306 constat;
1483 1272 1753 1312 corporeque

482 1339 664 1376 dissecto
696 1345 829 1373 totam
860 1335 1050 1387 ejusdem
1074 1338 1295 1373 cavitatem
1319 1333 1500 1374 humore
1518 1335 1655 1373 lacteo
1679 1347 1751 1372 seu

482 1411 615 1451 ovulis
644 1411 850 1463 repletam
881 1425 970 1450 esse
1001 1411 1202 1449 Goezii
1238 1407 1538 1465 (Naturgeseh.
1566 1425 1609 1463 p.
1643 1417 1752 1465 147.)

480 1491 674 1540 meisque
712 1486 1084 1528 observationibus
1112 1497 1242 1538 patet.
1315 1487 1362 1525 In
1390 1486 1752 1542 Echinorhynchis

482 1573 625 1602 autem
654 1563 886 1602 minoribus
916 1578 955 1601 v.
984 1577 1016 1601 c.
1046 1562 1261 1601 noduloso
1292 1565 1571 1617 cyprinorum
1602 1572 1643 1602 et
1670 1578 1752 1601 an-

481 1649 665 1690 gustato
702 1637 803 1678 lucii
848 1637 1100 1676 Zederus
1146 1638 1315 1689 (Erster
1348 1631 1641 1692 Nachtragfp.
1679 1653 1752 1680 110

481 1725 523 1753 et
555 1717 666 1766 111.)
705 1724 746 1751 et
775 1726 856 1767 ego
895 1712 1086 1752 canalem
1115 1728 1138 1752 a
1165 1714 1429 1766 proboscidis
1471 1716 1667 1768 vaginula
1696 1718 1748 1756 ad

480 1791 640 1828 caudae
686 1792 849 1840 apicem
894 1800 1136 1838 extensum,
1182 1799 1368 1836 rectum,
1412 1791 1508 1827 satis
1550 1790 1749 1843 amplum,

476 1865 722 1905 membrana
759 1867 1003 1903 tenuissima
1042 1874 1326 1915 constantem,
1376 1865 1588 1919 ovulaque
1617 1872 1750 1908 conti-

476 1953 651 1981 nentem
691 1941 1029 1986 observavimus;
1075 1941 1292 1979 interdum
1333 1944 1458 1980 etiam
1489 1945 1631 1982 ovaria
1660 1944 1745 1984 duo

477 2019 721 2069 (Zedero
758 2028 873 2057 recte
902 2019 1128 2068 monente)
1169 2016 1317 2054 adesse
1345 2018 1557 2068 videntur,
1604 2020 1746 2072 qualia

477 2096 602 2131 etiam
631 2095 675 2130 in
713 2093 816 2132 Tab.
847 2105 977 2132 nostr.
1006 2093 1078 2132 IV.
1115 2093 1204 2146 Fig.
1237 2106 1270 2130 1.
1318 2082 1744 2148 Echiz'zorltynclmm

473 2183 632 2221 percae
660 2167 838 2220 affinem
864 2167 965 2206 mihi
990 2168 1147 2216 dictum
1168 2169 1340 2207 sistente
1366 2166 1554 2215 exhibui:
1584 2170 1640 2209 ob
1658 2185 1745 2210 ma·

472 2245 740 2299 gnitudinem
791 2246 898 2281 enim
938 2247 1109 2282 nimiam
1142 2256 1224 2295 pro
1261 2242 1471 2283 lemniscis
1509 2247 1553 2284 iu
1591 2249 1741 2300 Capite

473 2321 755 2359 antecedente
786 2319 903 2357 dictis
933 2318 1081 2358 haberi
1107 2329 1337 2371 nequeunt.
1395 2320 1484 2360 Cel.
1512 2323 1576 2360 vir
1602 2316 1739 2363 modo¹

469 2395 665 2435 laudatus
705 2395 907 2434 fabricam
941 2384 1072 2434 modo
1112 2383 1345 2447 expositam
1385 2396 1578 2437 omnibus
1615 2397 1739 2438 Echi-

468 2471 705 2526 norhynchi
743 2471 962 2524 speciebus
1003 2485 1273 2512 communem
1301 2485 1394 2512 esse
1430 2473 1736 2530 (Naturgesch.
