1801 3066
1231 169 1308 213 43¹⁶

45 270 89 310 F.
121 271 173 310 G.
212 267 439 324 Voi'gtel
478 265 723 320 (Patholog.
760 263 995 302 Anatomie.
1034 277 1067 303 2.
1106 266 1151 304 Β.
1187 267 1313 307 Halle

49 352 162 396 ¹804·
191 353 227 393 3.
257 360 298 398 p.
327 350 404 396 579
435 351 476 380 et
504 341 662 394 sequ),
703 341 777 393 qui
813 352 928 376 casus
960 349 1098 378 tamen
1141 339 1223 381 huc
1249 344 1312 382 fa-

49 423 206 461 cientes
237 420 395 471 absque
426 416 587 455 selectu
607 414 845 462 cumulavit,
873 409 1209 464 perforationem
1238 400 1311 459 vess

43 510 135 535 ram
163 496 402 543 admittunt,
439 503 597 546 negant
633 493 881 544 paucioreS,
921 502 944 527 a
973 501 1153 541 quorum
1190 505 1312 545 parte

46 571 241 610 standum
272 579 347 618 est,
377 582 494 608 nam:

148 646 196 685 A.
225 646 429 684 Intestino
460 643 546 693 tali,
577 642 695 695 quod
713 639 975 693 perforatum
1009 638 1085 689 est,
1114 640 1189 679 sub
1220 655 1315 681 exa-

44 735 143 760 men
178 732 348 771 vocato,
390 731 728 774 gangraenosum
766 713 835 754 vel
879 712 1173 766 sphacelosum
1224 731 1315 756 esse

48 798 345 847 comperimus,
388 795 522 848 quid?
566 793 683 847 quod
713 792 908 831 foramen
935 794 1064 843 partis
1095 790 1316 843 sphacelo-

47 884 116 909 sae
146 884 273 923 saepe
301 873 398 910 satis
419 869 605 922 amplum
636 877 718 913 est;
747 868 808 906 sic
838 881 993 915 casum,
1023 867 1094 904 ubi
1122 881 1315 921 pugnum

10 927 14 930 ἢ
49 949 365 997 transmitteret,
404 949 449 984 in
476 945 583 986 Bibl.
618 958 659 982 n.
696 950 785 988 501.
816 942 945 980 attuli.
1012 943 1104 980 Nec
1131 944 1315 981 Taenias

49 1030 194 1059 autem
231 1033 313 1060 nec
340 1021 559 1060 Ascarides
598 1018 805 1073 ejusmodi
842 1017 945 1069 quid.
981 1013 1149 1055 efficere
1186 1031 1315 1068 posse

46 1106 184 1147 patet,
242 1099 411 1149 organis
456 1098 656 1134 nimirum
707 1094 938 1133 earundem
975 1095 1097 1131 nimis
1137 1092 1312 1131 exilibus
1355 1086 1358 1089 ”

47 1182 90 1210 et
115 1172 347 1210 lentissime
377 1173 530 1210 acturis
570 1180 728 1208 tantam
758 1169 920 1208 cladem
954 1182 1170 1222 nunquam
1208 1178 1313 1206 stru-

46 1256 131 1297 ent,
160 1257 207 1285 ut
233 1249 276 1284 in
302 1245 670 1298 praecedentibUS,
708 1245 762 1286 de
790 1243 1151 1299 Echinorhynchis
1183 1257 1312 1298 agen·

48 1322 120 1371 do,
153 1322 450 1360 demonstravi.

152 1398 197 1435 B.
248 1397 468 1449 Ejusmodi
505 1397 715 1435 foramina
757 1396 1005 1449 sphacelosa
1051 1409 1201 1447 saepe,
1243 1393 1318 1433 ubi

51 1484 214 1510 vermes
252 1471 359 1510 nulli
397 1471 561 1520 adsunt,
600 1475 894 1524 reperiuntur,
929 1483 975 1511 ut
1016 1471 1068 1510 ab
1106 1472 1167 1509 his
1205 1470 1316 1508 facta

48 1559 139 1585 esse
167 1560 222 1584 ne
251 1549 434 1598 suspicio
464 1548 637 1600 quidem
668 1550 769 1585 oriri
807 1550 951 1600 possit.
1008 1548 1215 1586 Oriuntur
1243 1559 1317 1585 au-

48 1631 135 1660 tem
165 1621 326 1673 duplici
353 1621 502 1671 modo,
532 1633 603 1661 aut
634 1627 769 1661 enirn:

153 1711 188 1736 a.
218 1711 302 1750 qua
329 1695 475 1736 hernia
503 1699 765 1736 incarcerata
801 1698 944 1737 locum
972 1695 1114 1747 habet,
1151 1696 1317 1736 inflam-

48 1774 237 1811 matione
283 1786 536 1825 p1aegressa
582 1788 826 1828 gangraena
871 1776 1086 1822 excitatur,
1128 1772 1317 1824 locoque

49 1846 302 1899 sphaceloso
332 1850 579 1887 tenuissimo
610 1859 652 1887 et
677 1850 844 1903 reliquo
873 1851 1072 1887 intestino
1095 1857 1315 1887 contracto

51 1923 246 1973 cedente,
286 1923 541 1975 tandemque
579 1924 796 1977 disrupto,
832 1925 1027 1963 foramen
1067 1923 1199 1973 adest,
1234 1937 1316 1975 per

49 1999 167 2052 quod
195 1997 448 2047 faeculenta,
489 2009 530 2037 et
555 2013 718 2039 vermes
749 2003 889 2050 etiam,
928 2002 961 2038 si
999 1998 1077 2037 hac
1105 2010 1227 2050 parte
1260 2001 1316 2037 si-

49 2083 227 2121 stuntur,
256 2076 338 2112 vivi
365 2073 432 2112 vel
460 2078 618 2113 mortui
649 2069 880 2127 ejiciuntur.
924 2077 1126 2126 'Veteres
1156 2072 1314 2113 herniis

48 2151 185 2187 minus
215 2162 264 2187 ac
290 2162 405 2188 nunc
432 2153 635 2202 temporis
659 2154 852 2205 cognitis,
869 2152 954 2202 v‘tali
981 2153 1026 2188 in
1047 2165 1144 2189 casu
1166 2151 1219 2189 de
1241 2150 1314 2188 ab·

50 2237 189 2263 scessu
216 2235 376 2264 tantum
405 2228 656 2280 cogitarunt,
684 2238 731 2266 ut
760 2227 958 2281 exemplis
986 2230 1031 2264 in
1049 2225 1313 2266 Bibliotheca

0 2311 18 2343 ζ,
51 2300 214 2339 collatis
241 2300 422 2352 Patebit;
461 2305 493 2341 si
532 2306 648 2342 enim
675 2302 817 2342 locum
848 2313 890 2342 et
915 2316 1186 2355 progressum
1214 2303 1315 2342 mali

50 2376 101 2414 ab
130 2378 179 2415 iis
210 2386 433 2416 annotatos
464 2391 770 2431 comparamus,
799 2377 989 2429 herniam
1011 2378 1195 2418 adfuisse
1222 2393 1314 2420 non

52 2451 347 2491 dubitabimus.
401 2453 546 2493 Multis
576 2469 625 2494 ex
644 2459 797 2496 caussis
826 2455 1002 2509 quidem
1029 2454 1220 2494 herniam
1250 2459 1315 2495 in-
