1801 3066
1235 172 1313 217 507

132 263 394 304 Genitalibus
447 264 665 312 utriusque
704 273 822 298 sexus
863 263 905 298 in
945 264 1091 316 Capite
1138 282 1311 319 praece—

52 340 178 380 dente
209 342 471 386 examinatis,
513 339 645 374 coitus
675 338 746 388 qui
774 334 868 385 fiat,
896 337 1017 376 facile
1046 353 1184 392 patet,
1224 359 1310 384 ma-

49 419 242 468 riumque
281 412 438 466 spicula
477 415 520 449 in
555 409 820 449 femellarum
857 411 999 451 volvas
1029 417 1184 456 intrare
1213 435 1310 473 sup-

48 505 210 543 ponere
246 489 356 527 licet.
427 487 488 527 Cl.
519 487 690 540 quidem
721 487 906 525 Goeze
946 489 1306 546 (Natu1·gesch„p.

45 572 136 621 434.
165 565 269 603 Tab.
300 566 478 603 XXXV.
508 562 576 616 fig.
605 576 643 615 7,
663 565 717 614 8.)
744 562 987 601 Ascaridis
1013 564 1180 606 bufonis
1211 568 1309 606 bre-

44 641 331 679 vicaudacae
358 642 482 678 maris
512 639 688 677 caudam
717 648 871 686 totam,
907 653 987 678 nec
1015 641 1174 692 spicula
1203 643 1306 694 sola,

44 717 224 756 feminae
251 715 684 762 naturalia—intrasse,
729 715 963 768 iisdemque
993 719 1112 768 quasi
1139 717 1305 758 infixam

43 795 208 844 saepius
237 806 280 831 se
309 791 552 830 observasse
580 791 736 839 refert,
779 792 897 843 quod
926 794 1098 829 omnino
1128 797 1304 842 mirum;

42 866 124 906 hoc
154 871 264 906 enim
291 868 420 905 modo
449 869 573 903 maris
603 866 762 918 spicula
792 877 919 921 agere
947 866 1013 905 vel
1035 879 1194 908 exserta
1215 885 1304 910 esse

41 958 165 995 posse
193 947 258 982 vix
286 943 551 981 crediderim.
620 943 864 981 Zederus
896 942 1124 997 (Nachtrag
1151 960 1193 996 p.
1223 948 1303 1000 60.)

39 1035 173 1059 mares
201 1020 364 1059 feminis
392 1017 511 1070 hujus
542 1021 698 1070 speciei
725 1019 815 1058 fere
846 1019 1067 1074 aequales,
1108 1035 1188 1060 nec
1216 1033 1301 1061 tam

39 1095 237 1147 parvulos
275 1093 399 1144 essej
431 1109 477 1133 ac
509 1095 740 1134 Goezius
772 1096 982 1134 describat
1012 1106 1052 1134 et
1082 1097 1300 1152 depingat,

39 1175 265 1210 universim
295 1172 467 1224 quidem
494 1181 609 1209 recte
637 1182 796 1220 monet,
825 1174 916 1223 ipse
947 1182 1086 1210 tamen
1116 1176 1301 1225 ejusdem

37 1249 245 1288 Ascaridis
288 1249 396 1298 (tam
437 1249 480 1284 in
520 1246 680 1286 buf0ne
722 1261 848 1299 quam
889 1251 932 1285 in
973 1249 1123 1311 Angue
1162 1251 1302 1305 fragili

38 1311 140 1362 mihi
178 1323 354 1374 obviae)
392 1336 528 1361 mares
568 1322 696 1362 semel
736 1336 870 1375 aeque
916 1324 1091 1374 pusillos
1128 1327 1214 1371 vidi
1254 1343 1300 1367 ac

40 1400 246 1438 Goezio
277 1401 490 1437 sistuntur.
562 1400 774 1450 hiajorum
805 1400 975 1451 quidem
1007 1400 1183 1438 caudam
1211 1403 1300 1441 vol-

37 1489 133 1514 vam
171 1478 291 1512 nimis
330 1485 549 1528 angustam
585 1488 800 1526 nunquam
826 1478 986 1513 intrare
1014 1490 1139 1526 posse
1167 1489 1297 1529 patet,

38 1561 79 1589 et
114 1553 298 1588 minores
336 1549 604 1587 solummodo
647 1555 804 1587 coitum
844 1564 1041 1589 exercere
1069 1555 1136 1589 vix
1165 1538 1299 1592 credi-

34 1617 143 1674 bile,
182 1641 280 1664 nam
316 1621 627 1677 iu·2111ajoribus
657 1625 910 1677 plerumque
941 1627 1137 1679 genitalia
1166 1633 1297 1682 magis

36 1703 197 1743 exculta
222 1706 355 1748 sunm.
374 1702 425 1740 ab
455 1701 588 1741 altera
615 1712 754 1739 autem
781 1712 903 1753 parte
926 1717 1088 1741 vermes
1112 1718 1131 1741 a
1155 1705 1232 1743 Go
1250 1720 1299 1744 e-

35 1783 120 1818 zio
151 1778 280 1817 oblati
306 1780 428 1815 nimis
457 1780 611 1829 magni,
642 1792 770 1830 quam
798 1782 871 1830 qui
896 1793 976 1829 pro
996 1779 1193 1820 foetubus
1215 1796 1297 1834 qua

32 1867 198 1910 partem
228 1853 363 1893 adhuc
392 1856 435 1890 in
462 1856 613 1906 vagina
641 1852 908 1892 haerentibus
937 1853 1084 1893 haberi
1106 1869 1294 1908 possent,

0 1949 6 1953 ·
31 1933 172 1983 foetus
202 1934 312 1969 enim
339 1939 465 1981 partu
494 1931 594 1967 editi
624 1929 754 1969 oculis
783 1930 906 1968 nudis
935 1933 1001 1969 vix
1029 1946 1217 1984 unquam
1236 1937 1296 1973 vi—

22 2007 182 2047 .sibiles.
257 2007 338 2044 Res
377 2009 518 2058 itaque
559 2006 693 2044 dubiis
730 2019 818 2044 non
858 2018 996 2058 caret,
1040 2018 1081 2046 et
1119 2013 1152 2047 si
1193 2009 1294 2049 alius

33 2098 159 2137 quam
180 2084 423 2124 Goezius
455 2082 729 2132 observasset,
761 2083 982 2122 oviductus
1009 2077 1174 2135 par-'tem
1194 2100 1294 2137 pro-

31 2158 191 2210 lapsam
217 2173 297 2210 pro
326 2173 470 2198 verme
499 2158 685 2196 masculo
715 2158 863 2199 volvae
892 2160 1292 2200 immissohabitam

30 2235 160 2274 fuisse
189 2234 413 2273 dicerem-
442 2235 664 2288 Quidquid
694 2245 833 2274 autem
862 2238 926 2286 sit,
958 2237 1161 2288 ejusmodi
1179 2247 1294 2276 certe

3 2312 13 2338 -’
33 2309 186 2362 copula
226 2310 399 2363 reliquis
441 2315 486 2350 in
525 2310 740 2350 vermibus
782 2324 872 2349 non
915 2311 1173 2350 admittenda
1218 2322 1292 2361 est,

32 2399 216 2438 quorum
244 2387 378 2425 cauda
403 2380 568 2439 semper
595 2389 716 2425 nimis
746 2401 896 2438 crassa,
927 2402 1053 2440 quam
1082 2401 1190 2440 quae
1219 2401 1291 2427 va-

22 2462 201 2514 ginam,
241 2463 285 2499 in
321 2464 504 2500 maximis
545 2464 669 2502 etiam
705 2461 826 2515 hujus
867 2463 1289 2517 generis-vermibus,

759 2538 853 2576 Uz
