1801 3066
436 190 517 239 534

436 303 579 354 utrum
609 293 849 340 comitetur,
885 292 1163 332 demonstrari
1199 293 1373 347 quidem
1398 299 1573 349 nequit,
1616 298 1699 340 hoc
1750 325 1754 328 -

437 379 592 418 autem,
620 377 669 407 ut
694 371 738 410 in
767 368 870 420 Cap.
893 370 989 408 XX.
1019 369 1201 414 docebo,
1231 383 1333 409 vero
1364 371 1550 420 similius,
1580 388 1628 412 ex
1653 376 1699 414 il-

434 448 574 486 lorum
608 448 750 498 itaque
787 444 885 483 tabe
917 444 1132 484 hominem
1166 446 1309 497 plures
1344 460 1422 499 per
1450 461 1581 487 annos
1610 445 1700 488 cru-

435 527 569 563 ciante
606 523 793 574 ejusdem
839 530 1018 560 aetatem
1058 524 1230 561 minime
1272 523 1591 571 determinabis;
1630 527 1698 566 sac

433 600 665 641 verovlabis
695 611 887 637 caussam
925 611 1034 646 esse,
1068 598 1208 651 plures
1237 612 1362 651 saepe
1390 599 1535 640 adesse
1564 611 1722 651 strom,
1772 609 1774 617 '

431 679 564 734 gylos,
587 687 626 717 et
644 675 852 730 quosdam
874 676 1086 714 interdum
1113 688 1191 727 per
1210 677 1296 713 vias
1313 677 1512 716 urinarias
1533 680 1697 719 secede-

428 770 487 804 re,
516 756 780 794 notissimum
811 761 879 790 est,
900 752 1027 805 (conf,
1059 751 1159 790 Bibl.
1187 761 1315 790 nostr.
1343 765 1385 791 11.
1406 757 1695 806 489—49zset

429 845 471 872 11.
499 833 619 885 495),
648 831 749 868 novi
778 841 878 883 ergo
905 836 1179 883 generantur,
1217 838 1257 867 et
1284 840 1508 882 quousque
1534 840 1691 872 veteres

429 914 730 947 conserventur
757 918 924 957 semper
952 904 1128 942 dubium
1157 907 1245 943 erit.
1301 907 1591 960 Magnitudine
1619 921 1692 946 au-

426 995 512 1024 tem
539 998 635 1023 cum
662 995 932 1034 summopere
962 981 1158 1019 differant
1186 982 1247 1032 (ut
1272 983 1317 1019 in
1344 984 1379 1032 §.
1418 964 1699 1023 antecedente⁸

426 1063 595 1113 monui)
624 1063 751 1099 vitam
778 1059 923 1097 forsan
952 1058 1104 1096 diutius
1132 1058 1394 1108 protrahunt.

504 1138 600 1177 Hoc
628 1137 682 1176 de
710 1135 882 1189 reliquis
911 1137 1035 1174 etiam
1069 1134 1179 1172 valet
1220 1134 1432 1183 Entozois,
1476 1150 1562 1189 quo
1607 1146 1689 1176 tar-

426 1215 518 1254 dius
549 1216 660 1253 enim
690 1220 890 1258 crescant,
920 1224 971 1248 eo
999 1210 1167 1264 longior
1203 1213 1327 1249 etiam
1364 1214 1412 1250 iis
1440 1214 1689 1253 conceditur

420 1293 504 1330 vita
514 1318 527 1338 ,
565 1292 638 1343 qui
667 1291 749 1328 cito
776 1287 1048 1339 perficiuntur
1085 1289 1329 1335 (communi
1365 1297 1407 1327 et
1444 1289 1685 1328 animalium

422 1376 462 1405 et
488 1364 784 1420 vegetabilium
811 1363 919 1416 lege)
952 1364 1070 1399 citius
1110 1374 1284 1414 quoque
1309 1373 1502 1414 pereunt.

499 1444 756 1482 Taeniarum
785 1438 979 1478 articulos
1009 1440 1097 1476 ovis
1128 1438 1342 1490 depositis,
1370 1437 1436 1478 vel
1464 1452 1558 1479 cum
1584 1443 1684 1493 ipsis

421 1518 631 1566 decidere,
658 1518 723 1557 vel
753 1515 982 1556 earundem
1011 1517 1152 1553 ovaria
1191 1514 1340 1559 deleri;
1375 1513 1684 1567 Amphistoma..

418 1599 467 1635 tis
497 1597 661 1634 cornuti
691 1592 910 1632 oviductus
940 1604 1036 1629 cum
1072 1590 1205 1629 ovulIS
1243 1592 1431 1637 excerni;
1475 1595 1595 1630 variis
1635 1596 1681 1633 in

416 1669 704 1711 Nematoideis
732 1683 767 1710 v.
799 1682 833 1707 c.
862 1664 1138 1712 Hamulariis,
1170 1666 1409 1705 Cucullanis
1424 1696 1438 1716 ,
1481 1667 1681 1723 Stroiigy-

417 1750 480 1798 lis,
508 1745 787 1793 Ascaridibus,
818 1753 956 1784 cutem
984 1743 1181 1782 facillime
1210 1743 1415 1795 disrumpi
1451 1753 1493 1782 et
1528 1747 1678 1783 ovariis

414 1825 622 1879 prolapsis
650 1831 819 1875 partum
849 1819 1006 1859 absolvi
1036 1819 1325 1867 observamus,
1352 1828 1401 1857 ut
1434 1818 1516 1858 hoc
1539 1830 1679 1859 exant-

412 1902 499 1940 lato
535 1901 725 1938 Entozoa
754 1910 934 1950 corpore
968 1899 1167 1935 continuo
1195 1899 1394 1935 instructa
1412 1899 1538 1934 vitam
1560 1899 1676 1935 amit-

416 1988 506 2016 tere
547 1975 814 2021 crediderim,
871 1974 1231 2026 quemadmodum
1274 1984 1314 2012 et
1359 1972 1674 2012 articulatorum
1722 1977 1726 1981 ⁴

413 2063 549 2107 partes
580 2053 784 2097 amittant,
811 2059 859 2088 ut
886 2063 981 2088 cum
1008 2049 1159 2101 plantis
1189 2052 1333 2088 annuis
1362 2059 1403 2088 et
1421 2048 1671 2100 perennibus

412 2127 687 2181 comparandi
711 2127 828 2166 locus
855 2129 928 2174 sit,
959 2139 1136 2179 quarum
1163 2125 1261 2164 illae
1288 2127 1445 2165 semine
1479 2125 1670 2176 perfecto

410 2215 604 2258 pereunt,
633 2203 712 2243 hae
740 2212 880 2243 autem
914 2212 1052 2255 partes
1099 2212 1259 2241 tantum
1302 2200 1514 2254 dejiciunt.
1569 2200 1669 2238 Pro-

411 2282 575 2334 lapsum
602 2282 775 2335 quidem
804 2282 1044 2335 ovariorum
1085 2281 1258 2318 minime
1299 2259 1546 2325 naturalem,
1589 2277 1668 2316 sed

410 2367 506 2397 cute
547 2358 653 2396 aeris
699 2367 852 2397 attactu
898 2355 1083 2408 disrupta
1126 2364 1265 2393 ortum
1295 2355 1434 2392 dicere
1461 2354 1663 2406 potueris,

411 2434 648 2476 ovariorum
689 2445 788 2474 vero
838 2436 884 2472 in
933 2432 1218 2471 Nematoideis
1269 2431 1572 2485 longitudinem
1623 2438 1674 2468 et·

408 2522 531 2567 gyros
560 2513 667 2551 circa
694 2512 888 2552 intestina
913 2510 1045 2550 factos
1080 2512 1115 2549 si
1143 2508 1494 2565 consideraveris,
1537 2505 1661 2546 ovula
