1801 3066
1299 170 1351 216 95

477 284 551 331 K.
617 282 944 346 Polyscomct.

79 403 169 444 521.
204 396 328 451 Aug.
366 393 472 433 Joh.
508 391 710 433 Roesel
749 405 855 432 von
889 391 1174 435 Rosenhof
1200 402 1346 442 Histo-

130 475 193 512 ria
220 486 282 511 na.
325 471 417 508 ralis
458 481 655 508 ranarum
684 473 946 509 nostratium.
1000 470 1245 512 Natiiriiche
1273 480 1346 516 Hi-

128 551 256 588 storie
305 547 383 585 der
430 544 615 584 Frosche
661 543 852 598 hiesigen
894 545 1073 585 Landes.
1119 549 1345 607 Nfirnberg

129 628 238 675 1758.
269 623 342 661 fol.
374 623 399 646 ‘k
462 620 707 676 Polystoma
733 635 863 661 ranae
908 636 982 660 seu
1018 626 1344 678 integerrimum

121 713 163 752 p.
193 705 255 752 24.
283 697 388 739 Tab.
416 698 483 737 IV.
529 712 564 736 x.
594 697 661 752 fig.
689 701 826 738 minus
856 698 971 739 bona
999 703 1169 741 sistitur.

530 828 594 876 L.
658 830 872 896 Ligula.

65 948 154 987 522.
187 940 455 995 GeofFroy
481 939 630 978 Junior
658 943 723 979 in:
753 941 858 979 Hist.
887 941 942 980 de
968 940 1067 981 l’Ac.
1090 943 1164 983 des
1195 946 1336 985 Scien-

119 1032 187 1056 ces
218 1013 240 1056 ἒι
268 1019 382 1057 Paris
427 1032 536 1070 1710.
565 1016 798 1056 Amstelod.
833 1019 945 1070 1715.
973 1026 1011 1065 8.
1041 1033 1081 1072 p.
1111 1027 1177 1066 50.
1208 1023 1235 1048 ³<
1287 1024 1339 1062 In

70 1111 72 1113 ·
115 1096 252 1134 Tinea
277 1097 393 1147 pisce
421 1092 617 1148 Ligularn
644 1097 831 1143 invenit,
872 1109 999 1148 quam
1027 1097 1235 1140 Taeniam
1265 1112 1337 1151 ap-

52 1177 58 1192 ²
113 1171 270 1223 pellat,
323 1171 374 1209 ab
415 1170 601 1211 humana
643 1181 786 1211 tamen
837 1172 1113 1213 articulorum
1163 1175 1337 1215 defectu

114 1246 287 1287 differre
318 1247 446 1288 addit.

59 1325 149 1365 323.
194 1325 488 1378 Rongeard.
535 1324 838 1363 Observations
886 1340 958 1365 sur
1005 1326 1067 1366 les
1113 1343 1209 1368 vers
1257 1330 1333 1368 des

112 1400 333 1449 Tanches,
380 1396 595 1438 adresse'es
635 1396 657 1436 ἐι
695 1398 887 1438 l'Auteur
924 1401 982 1438 du
1017 1400 1163 1441 Traite
1201 1405 1254 1443 de
1290 1405 1334 1444 la

113 1472 368 1529 generation
408 1477 480 1514 des
518 1490 610 1514 vers
651 1475 753 1513 dans
790 1474 832 1513 le
864 1489 988 1528 corps
1019 1478 1073 1517 de
1113 1477 1329 1521 l'homme.

113 1559 224 1601 1725.
253 1557 289 1601 4.
353 1554 530 1590 Resens.
559 1552 707 1590 Journ.
746 1551 820 1589 des
850 1552 968 1602 Segav.
999 1554 1047 1590 T.
1078 1562 1140 1606 75.
1168 1568 1208 1607 p.
1239 1560 1328 1611 267.

107 1626 174 1681 fig.
206 1627 356 1681 addita.
413 1625 605 1664 Boehm
619 1640 681 1666 er.

54 1710 143 1755 524.
171 1705 385 1759 Anonymi
412 1703 713 1743 meditationes
741 1703 796 1743 de
823 1707 1001 1757 piscium
1021 1706 1193 1756 morbo,
1220 1707 1327 1764 Feig

109 1781 235 1820 dicto.
289 1781 338 1819 In
368 1782 605 1819 Oeconom.
634 1778 839 1835 physikal.
868 1781 1078 1822 Abhandl.
1109 1785 1145 1824 6.
1175 1783 1253 1823 Th.
1282 1801 1324 1839 p.

104 1862 193 1908 428.
246 1856 526 1897 Boehmer.

52 1935 140 1979 325.
169 1935 201 1977 J.
233 1934 286 1974 de
313 1935 542 1974 Annone
582 1934 637 1973 de
663 1935 873 1988 piscibus,
900 1938 946 1974 in
975 1950 1160 1990 quorum
1189 1937 1324 1979 abdo-

102 2014 216 2051 mine
243 2025 408 2052 vermes
438 2010 586 2051 inclusi
615 2023 745 2052 erant.
800 2013 871 2053 In:
909 2015 999 2054 Act.
1027 2013 1194 2056 Helvet.
1225 2016 1322 2057 Vol.

101 2088 169 2127 IV.
198 2103 238 2141 p.
266 2096 359 2136 501.
413 2087 695 2128 Boehmer.
783 2075 790 2078 ι

50 2164 139 2208 526.
165 2166 236 2203 Jo.
275 2166 361 2205 Ge.
399 2166 685 2206 Roederer
721 2169 790 2206 in:
831 2167 950 2207 Go‘ct.
979 2168 1170 2221 Anzeig‚
1205 2164 1318 2222 1762.

48 2243 50 2246 ’
104 2239 160 2278 St.
189 2241 250 2279 61.
292 2255 334 2294 p.
363 2249 452 2294 557.
489 2243 516 2269 ³<
578 2244 813 2284 praelectio
854 2243 908 2284 de
946 2243 1132 2286 fasciolis
1172 2261 1318 2301 coram

102 2328 187 2354 soc.
217 2320 333 2370 regia
358 2317 520 2371 habita,
549 2322 660 2360 conf.
687 2320 1089 2378 Echinorhynchum
1117 2326 1179 2376 (11.
1199 2326 1317 2379 285.)

103 2391 158 2430 de
187 2406 271 2445 quo
301 2396 422 2434 simul
449 2401 544 2452 agit.

48 2474 138 2520 327.
167 2468 332 2525 Utdrag
370 2471 413 2511 af
443 2485 497 2516 en
524 2477 680 2526 Casus,
724 2490 797 2516 om
834 2477 1027 2517 Fasciola
1063 2478 1312 2519 intestinalis
