1801 3066
424 174 504 221 454

426 274 571 313 landia
601 272 679 325 (ib.
708 284 749 311 n.
778 273 868 322 433.
899 275 978 321 a),
1015 269 1306 315 observatum3
1343 268 1420 307 sed
1448 268 1539 309 aliis
1569 273 1694 311 etiam

426 349 531 388 locis
563 350 790 387 certissime
821 347 1008 395 obvium,
1037 345 1112 384 ubi
1139 344 1373 384 vitulorum
1404 358 1452 384 ex
1480 349 1583 385 tussi
1609 330 1698 394 vio:

428 425 660 463 lentissima
710 434 1032 463 consumtorum
1078 432 1237 460 mortes
1281 421 1512 472 habentur,
1557 423 1699 475 morbi

427 514 531 540 vero
560 510 711 538 natura
766 500 1071 538 dissectionum
1121 510 1207 549 ope
1241 511 1332 535 non
1371 496 1588 550 explorata
1625 508 1697 538 est.

428 575 524 629 Ipse
561 586 701 615 temen
736 579 891 614 nostris
931 577 975 613 in
1011 571 1282 627 regionibus,
1329 572 1563 612 vitulorum
1598 574 1700 614 licet

426 651 536 690 mala
563 651 819 704 pulmonum
846 652 1044 702 plurima,
1073 651 1273 698 vomicas,
1303 640 1541 702 l1ydat1des,
1570 651 1697 690 indu-

427 732 659 775 rationem,
712 728 843 780 quid?
893 726 1011 780 quod
1045 725 1230 781 laryngis
1269 723 1474 763 scirrhurn
1502 727 1696 778 viderim,

430 802 675 858 strongylos
703 806 926 856 nunquam
962 804 1006 839 in
1037 815 1187 840 eorum
1214 800 1491 853 pulmonibus
1522 803 1699 845 offendi.

534 879 584 917 In
613 878 760 918 ovibus
788 878 1194 918 Daubentonius
1225 877 1308 930 (ib.
1329 892 1368 917 n.
1388 878 1557 931 (433.b.)
1586 881 1697 920 idem

428 959 612 1005 invenit,
641 966 688 994 ut
714 954 939 1006 pulmones
969 964 1011 992 et
1039 952 1208 991 trachea
1236 954 1448 993 vermibus
1478 966 1702 1006 scaterent,

432 1043 473 1072 et
503 1032 653 1070 eadem
691 1034 742 1074 in<
762 1033 941 1083 regione
980 1029 1167 1081 pecudes
1198 1043 1325 1081 quam
1362 1029 1573 1082 plurimae
1602 1035 1701 1074 inde

430 1117 721 1149 enecarentur.
773 1105 860 1146 Cel.
894 1106 1141 1144 Florman
1178 1105 1419 1160 strongylos
1447 1106 1549 1147 mihi
1575 1112 1702 1158 misit,

430 1181 792 1232 contortiplicatos
820 1180 923 1220 mjhi
952 1181 1101 1228 dictos,
1130 1183 1175 1217 in
1204 1183 1292 1217 ovis
1322 1181 1535 1222 bronchiis
1557 1199 1705 1236 reper-

431 1269 509 1305 tos,
540 1255 779 1308 similesque
811 1256 923 1307 apud
953 1270 1029 1294 am.
1051 1255 1174 1293 Sick
1197 1257 1240 1292 in
1270 1253 1434 1293 theatro
1465 1263 1704 1301 zootomico

429 1332 695 1381 Berolinensi
723 1332 822 1380 vidi,
851 1342 899 1370 ut
927 1332 981 1370 cle
1010 1330 1161 1368 iisdem
1191 1330 1367 1369 dubium
1395 1345 1484 1371 non
1512 1338 1705 1386 supersit.

534 1409 585 1447 In
611 1409 701 1445 suis
729 1407 956 1446 domestici
983 1405 1257 1458 pulmonibus
1298 1421 1461 1447 vermes
1486 1410 1708 1450 morbiferi

433 1485 485 1527 ab
501 1484 674 1536 Adolp
691 1482 754 1522 ho
771 1485 817 1522 M
831 1483 994 1542 odeer
1013 1482 1132 1536 (Bibl.
1153 1496 1192 1521 n.
1213 1485 1319 1537 455.)
1336 1483 1560 1535 observati,
1579 1484 1621 1523 hi
1641 1501 1706 1526 ra·
1752 1469 1755 1475 ι

432 1564 520 1600 rius
551 1560 724 1613 quidem
754 1572 994 1608 occurrere,
1025 1558 1078 1597 ad
1106 1559 1218 1597 idem
1248 1570 1389 1598 tamen
1417 1574 1550 1614 genus
1578 1563 1707 1614 perti-

431 1649 536 1678 nere
564 1636 775 1675 videntur.
1696 1634 1697 1637 ’

538 1711 774 1749 Barbarum
819 1710 1004 1762 denique
1050 1697 1275 1762 pulmones
1328 1713 1568 1762 saepissime
1615 1727 1710 1752 ver-

431 1799 520 1824 mes
548 1785 710 1833 fovent,
738 1798 956 1837 nunquam
985 1796 1125 1824 tamen
1154 1787 1231 1823 hos
1251 1786 1319 1825 vel
1347 1788 1500 1824 nimios
1527 1786 1595 1826 vel
1612 1787 1709 1839 pul-

432 1874 606 1899 monem
627 1860 850 1912 opplentes
870 1862 970 1909 vidi,
1001 1863 1119 1914 quod
1148 1872 1232 1900 tam
1262 1862 1314 1900 de
1335 1862 1535 1901 Ascaride
1563 1865 1709 1917 nigro-

436 1951 611 1987 venosa,
641 1951 768 1990 quam
785 1938 837 1976 de
853 1939 1089 1977 Distomate
1119 1938 1387 1993 cylindraceo
1417 1938 1613 1977 Zederi
1640 1953 1710 1979 va-

434 2011 505 2052 let.
575 2011 663 2052 Cel.
692 2026 795 2053 vero
833 2013 1011 2052 Goeze
1054 2014 1184 2054 semel
1224 2014 1368 2063 Ranae
1412 2004 1708 2066 temporariae,

435 2101 548 2141 quae
576 2089 750 2129 natandi
778 2089 977 2128 facultate
1004 2092 1169 2141 privata
1198 2095 1309 2138 erat,
1337 2088 1562 2140 pulmones
1589 2088 1712 2141 palli-

438 2164 516 2203 dos
548 2163 589 2205 et
619 2163 843 2216 collapsos,
875 2175 916 2203 et
943 2165 1164 2204 Ascaricles
1194 2165 1426 2216 earundem
1456 2166 1604 2203 tunicis
1634 2167 1711 2202 im-

434 2239 599 2295 plicitas
628 2238 780 2280 multas
811 2243 1001 2291 reperit,
1041 2255 1090 2279 ex
1119 2254 1297 2293 quarum
1336 2254 1430 2278 cum
1457 2239 1711 2291 pulmonum

435 2318 580 2354 tunica
620 2315 944 2367 complicatione
983 2314 1122 2355 labem
1159 2329 1286 2354 ranae
1328 2316 1544 2362 derivavit.
1616 2316 1728 2354 Hoc‘

437 2402 581 2431 autem
611 2391 787 2431 dubium
815 2391 916 2432 mihi
943 2391 1125 2440 videtur,
1153 2391 1374 2430 Ascarides
1405 2394 1515 2429 enim
1544 2404 1710 2443 semper

435 2469 483 2511 in
509 2467 763 2522 pulmonum
793 2466 952 2508 cellulis
972 2454 1180 2516 haerent,
1212 2476 1255 2505 ut
1285 2465 1552 2520 complicatio
1581 2480 1710 2518 pecu-
