<?xml version="1.0" encoding="UTF-8"?>
<!DOCTYPE html PUBLIC "-//W3C//DTD XHTML 1.0 Transitional//EN"
    "http://www.w3.org/TR/xhtml1/DTD/xhtml1-transitional.dtd">
<html xmlns="http://www.w3.org/1999/xhtml" xml:lang="en" lang="en">
 <head>
  <title>
</title>
<meta http-equiv="Content-Type" content="text/html;charset=utf-8" />
  <meta name='ocr-system' content='tesseract 3.04.00' />
  <meta name='ocr-capabilities' content='ocr_page ocr_carea ocr_par ocr_line ocrx_word'/>
</head>
<body>
  <div class='ocr_page' id='page_1' title='image "./entozoorumsiveve11808rudo_0117.png"; bbox 0 0 1801 3066; ppageno 0'>
   <div class='ocr_carea' id='block_1_1' title="bbox 62 254 1345 2526">
    <p class='ocr_par' dir='ltr' id='par_1_1' title="bbox 213 254 1100 382">
     <span class='ocr_line' id='line_1_1' title="bbox 482 254 945 304; baseline 0.004 -13"><span class='ocrx_word' id='word_1_1' title='bbox 482 256 522 294; x_wconf 75' lang='lat' dir='ltr'>b.</span> <span class='ocrx_word' id='word_1_2' title='bbox 567 254 746 304; x_wconf 80' lang='lat' dir='ltr'><em>Species</em></span> <span class='ocrx_word' id='word_1_3' title='bbox 772 255 945 293; x_wconf 76' lang='lat' dir='ltr'>variae.</span> 
     </span>
     <span class='ocr_line' id='line_1_2' title="bbox 213 327 1100 382; baseline -0.005 -11"><span class='ocrx_word' id='word_1_4' title='bbox 213 333 335 371; x_wconf 79' lang='lat' dir='ltr'>Conf.</span> <span class='ocrx_word' id='word_1_5' title='bbox 364 327 936 370; x_wconf 87' lang='lat' dir='ltr'>Leeuwenhoeckium</span> <span class='ocrx_word' id='word_1_6' title='bbox 963 342 1003 367; x_wconf 90' lang='lat' dir='ltr'>n.</span> <span class='ocrx_word' id='word_1_7' title='bbox 1032 339 1100 382; x_wconf 78' lang='lat'>57.</span> 
     </span>
    </p>

    <p class='ocr_par' dir='ltr' id='par_1_2' title="bbox 82 404 1345 686">
     <span class='ocr_line' id='line_1_3' title="bbox 82 404 1345 460; baseline 0 -14"><span class='ocrx_word' id='word_1_8' title='bbox 82 415 168 455; x_wconf 72' lang='lat'>285.</span> <span class='ocrx_word' id='word_1_9' title='bbox 198 410 233 450; x_wconf 79' lang='lat' dir='ltr'>J.</span> <span class='ocrx_word' id='word_1_10' title='bbox 273 409 323 446; x_wconf 90' lang='lat' dir='ltr'>G.</span> <span class='ocrx_word' id='word_1_11' title='bbox 361 405 651 444; x_wconf 86' lang='lat' dir='ltr'>Roederer</span> <span class='ocrx_word' id='word_1_12' title='bbox 687 408 731 443; x_wconf 94' lang='lat' dir='ltr'>in</span> <span class='ocrx_word' id='word_1_13' title='bbox 764 404 968 456; x_wconf 73' lang='lat' dir='ltr'>Go‘ccing.</span> <span class='ocrx_word' id='word_1_14' title='bbox 997 407 1189 458; x_wconf 75' lang='lat' dir='ltr'>Anzeig.</span> <span class='ocrx_word' id='word_1_15' title='bbox 1233 411 1345 460; x_wconf 83' lang='lat'><strong>1762.</strong></span> 
     </span>
     <span class='ocr_line' id='line_1_4' title="bbox 134 479 1345 535; baseline 0.004 -15"><span class='ocrx_word' id='word_1_16' title='bbox 134 486 189 522; x_wconf 88' lang='lat' dir='ltr'>St.</span> <span class='ocrx_word' id='word_1_17' title='bbox 219 484 279 520; x_wconf 83' lang='lat'>61.</span> <span class='ocrx_word' id='word_1_18' title='bbox 307 495 350 532; x_wconf 88' lang='lat' dir='ltr'>p.</span> <span class='ocrx_word' id='word_1_19' title='bbox 379 487 469 532; x_wconf 77' lang='lat'><strong><em>557.</em></strong></span> <span class='ocrx_word' id='word_1_20' title='bbox 499 481 524 505; x_wconf 69' lang='lat'>⁴‘</span> <span class='ocrx_word' id='word_1_21' title='bbox 578 479 919 535; x_wconf 82' lang='lat' dir='ltr'>Echinorhynchi</span> <span class='ocrx_word' id='word_1_22' title='bbox 947 484 1133 534; x_wconf 89' lang='lat' dir='ltr'>speeiem</span> <span class='ocrx_word' id='word_1_23' title='bbox 1161 484 1237 522; x_wconf 89' lang='lat' dir='ltr'>sub</span> <span class='ocrx_word' id='word_1_24' title='bbox 1265 500 1345 525; x_wconf 89' lang='lat' dir='ltr'>no-</span> 
     </span>
     <span class='ocr_line' id='line_1_5' title="bbox 127 557 1344 608; baseline 0.003 -13"><span class='ocrx_word' id='word_1_25' title='bbox 127 560 240 596; x_wconf 85' lang='lat' dir='ltr'>mine</span> <span class='ocrx_word' id='word_1_26' title='bbox 268 557 507 596; x_wconf 79' lang='lat' dir='ltr'>Fasciolae</span> <span class='ocrx_word' id='word_1_27' title='bbox 535 566 702 595; x_wconf 75' lang='lat' dir='ltr'>tractae</span> <span class='ocrx_word' id='word_1_28' title='bbox 728 559 1006 597; x_wconf 73' lang='lat' dir='ltr'>intestinalis</span> <span class='ocrx_word' id='word_1_29' title='bbox 1033 558 1231 608; x_wconf 83' lang='lat' dir='ltr'>desribit,</span> <span class='ocrx_word' id='word_1_30' title='bbox 1273 574 1344 599; x_wconf 90' lang='lat' dir='ltr'>ro-</span> 
     </span>
     <span class='ocr_line' id='line_1_6' title="bbox 127 633 1272 686; baseline 0.001 -14"><span class='ocrx_word' id='word_1_31' title='bbox 127 637 286 686; x_wconf 81' lang='lat' dir='ltr'>strique</span> <span class='ocrx_word' id='word_1_32' title='bbox 317 633 517 672; x_wconf 70' lang='lat' dir='ltr'>exsertius</span> <span class='ocrx_word' id='word_1_33' title='bbox 545 635 663 671; x_wconf 82' lang='lat' dir='ltr'>uncis</span> <span class='ocrx_word' id='word_1_34' title='bbox 693 637 842 672; x_wconf 85' lang='lat' dir='ltr'>armati</span> <span class='ocrx_word' id='word_1_35' title='bbox 870 637 1132 674; x_wconf 83' lang='lat' dir='ltr'>mentionem</span> <span class='ocrx_word' id='word_1_36' title='bbox 1160 635 1272 674; x_wconf 86' lang='lat' dir='ltr'>facit.</span> 
     </span>
    </p>

    <p class='ocr_par' dir='ltr' id='par_1_3' title="bbox 74 708 1343 1144">
     <span class='ocr_line' id='line_1_7' title="bbox 74 708 1343 764; baseline 0.003 -16"><span class='ocrx_word' id='word_1_37' title='bbox 74 710 162 756; x_wconf 75' lang='lat'><strong>236.</strong></span> <span class='ocrx_word' id='word_1_38' title='bbox 201 711 234 749; x_wconf 90' lang='lat' dir='ltr'>J.</span> <span class='ocrx_word' id='word_1_39' title='bbox 270 710 313 749; x_wconf 74' lang='lat' dir='ltr'>F,</span> <span class='ocrx_word' id='word_1_40' title='bbox 349 708 691 749; x_wconf 79' lang='lat' dir='ltr'>Koeireuter</span> <span class='ocrx_word' id='word_1_41' title='bbox 729 713 796 750; x_wconf 85' lang='lat' dir='ltr'>in:</span> <span class='ocrx_word' id='word_1_42' title='bbox 834 713 941 751; x_wconf 90' lang='lat' dir='ltr'>Nov.</span> <span class='ocrx_word' id='word_1_43' title='bbox 973 714 1138 751; x_wconf 84' lang='lat' dir='ltr'>Comm.</span> <span class='ocrx_word' id='word_1_44' title='bbox 1169 713 1343 764; x_wconf 84' lang='lat' dir='ltr'>Petrop.</span> 
     </span>
     <span class='ocr_line' id='line_1_8' title="bbox 125 787 1342 843; baseline 0.001 -18"><span class='ocrx_word' id='word_1_45' title='bbox 125 788 177 825; x_wconf 92' lang='lat' dir='ltr'>T.</span> <span class='ocrx_word' id='word_1_46' title='bbox 206 788 301 825; x_wconf 87' lang='lat' dir='ltr'>XV.</span> <span class='ocrx_word' id='word_1_47' title='bbox 350 799 390 837; x_wconf 90' lang='lat' dir='ltr'>p.</span> <span class='ocrx_word' id='word_1_48' title='bbox 419 790 522 837; x_wconf 79' lang='grc'>499,</span> <span class='ocrx_word' id='word_1_49' title='bbox 559 791 649 829; x_wconf 84' lang='grc'><strong>500.</strong></span> <span class='ocrx_word' id='word_1_50' title='bbox 696 787 802 825; x_wconf 84' lang='lat' dir='ltr'>Tab.</span> <span class='ocrx_word' id='word_1_51' title='bbox 833 788 894 826; x_wconf 82' lang='lat'>26.</span> <span class='ocrx_word' id='word_1_52' title='bbox 943 788 1034 843; x_wconf 84' lang='lat' dir='ltr'>Fig.</span> <span class='ocrx_word' id='word_1_53' title='bbox 1065 794 1104 833; x_wconf 82' lang='lat'>5.</span> <span class='ocrx_word' id='word_1_54' title='bbox 1131 790 1156 814; x_wconf 63' lang='lat'>*</span> <span class='ocrx_word' id='word_1_55' title='bbox 1218 787 1342 826; x_wconf 80' lang='lat' dir='ltr'>Echi-</span> 
     </span>
     <span class='ocr_line' id='line_1_9' title="bbox 122 860 1342 916; baseline 0.001 -15"><span class='ocrx_word' id='word_1_56' title='bbox 122 860 417 916; x_wconf 88' lang='lat' dir='ltr'>norhynchum</span> <span class='ocrx_word' id='word_1_57' title='bbox 462 864 638 916; x_wconf 78' lang='lat' dir='ltr'>Cyprini</span> <span class='ocrx_word' id='word_1_58' title='bbox 682 864 796 901; x_wconf 78' lang='lat' dir='ltr'>rutssi</span> <span class='ocrx_word' id='word_1_59' title='bbox 844 864 921 902; x_wconf 79' lang='lat' dir='ltr'>sub</span> <span class='ocrx_word' id='word_1_60' title='bbox 970 867 1145 904; x_wconf 86' lang='lat' dir='ltr'>nomine</span> <span class='ocrx_word' id='word_1_61' title='bbox 1181 866 1342 903; x_wconf 77' lang='lat' dir='ltr'><em>Acan-</em></span> 
     </span>
     <span class='ocr_line' id='line_1_10' title="bbox 122 938 1342 993; baseline 0.002 -17"><span class='ocrx_word' id='word_1_62' title='bbox 122 938 379 991; x_wconf 70' lang='lat' dir='ltr'>chooephali</span> <span class='ocrx_word' id='word_1_63' title='bbox 418 938 620 978; x_wconf 78' lang='lat' dir='ltr'>describit</span> <span class='ocrx_word' id='word_1_64' title='bbox 656 951 697 978; x_wconf 90' lang='lat' dir='ltr'>et</span> <span class='ocrx_word' id='word_1_65' title='bbox 726 940 935 989; x_wconf 82' lang='lat' dir='ltr'>delineat,</span> <span class='ocrx_word' id='word_1_66' title='bbox 986 942 1258 993; x_wconf 83' lang='lat' dir='ltr'>eundemque</span> <span class='ocrx_word' id='word_1_67' title='bbox 1296 943 1342 979; x_wconf 87' lang='lat' dir='ltr'>in</span> 
     </span>
     <span class='ocr_line' id='line_1_11' title="bbox 119 1013 1340 1070; baseline 0.005 -18"><span class='ocrx_word' id='word_1_68' title='bbox 119 1013 312 1067; x_wconf 83' lang='lat' dir='ltr'>pluribus</span> <span class='ocrx_word' id='word_1_69' title='bbox 342 1017 516 1070; x_wconf 88' lang='lat' dir='ltr'>Cyprini</span> <span class='ocrx_word' id='word_1_70' title='bbox 553 1017 800 1068; x_wconf 79' lang='lat' dir='ltr'>speciebus,</span> <span class='ocrx_word' id='word_1_71' title='bbox 837 1031 919 1055; x_wconf 88' lang='lat' dir='ltr'>nec</span> <span class='ocrx_word' id='word_1_72' title='bbox 947 1030 1038 1056; x_wconf 88' lang='lat' dir='ltr'>non</span> <span class='ocrx_word' id='word_1_73' title='bbox 1066 1022 1109 1057; x_wconf 88' lang='lat' dir='ltr'>in</span> <span class='ocrx_word' id='word_1_74' title='bbox 1137 1016 1340 1058; x_wconf 78' lang='lat' dir='ltr'>Salmone</span> 
     </span>
     <span class='ocr_line' id='line_1_12' title="bbox 118 1093 976 1144; baseline 0.002 -14"><span class='ocrx_word' id='word_1_75' title='bbox 118 1093 326 1131; x_wconf 83' lang='lat' dir='ltr'>Lavareto</span> <span class='ocrx_word' id='word_1_76' title='bbox 356 1106 380 1130; x_wconf 89' lang='lat' dir='ltr'>a</span> <span class='ocrx_word' id='word_1_77' title='bbox 407 1106 453 1131; x_wconf 87' lang='lat' dir='ltr'>se</span> <span class='ocrx_word' id='word_1_78' title='bbox 479 1103 697 1144; x_wconf 86' lang='lat' dir='ltr'>repertum</span> <span class='ocrx_word' id='word_1_79' title='bbox 727 1107 817 1132; x_wconf 85' lang='lat' dir='ltr'>esse</span> <span class='ocrx_word' id='word_1_80' title='bbox 846 1094 976 1133; x_wconf 83' lang='lat' dir='ltr'><strong>addit.</strong></span> 
     </span>
    </p>

    <p class='ocr_par' dir='ltr' id='par_1_4' title="bbox 68 1168 1338 1449">
     <span class='ocr_line' id='line_1_13' title="bbox 68 1168 1338 1223; baseline 0.002 -16"><span class='ocrx_word' id='word_1_81' title='bbox 68 1175 155 1220; x_wconf 81' lang='lat'>287.</span> <span class='ocrx_word' id='word_1_82' title='bbox 183 1168 332 1207; x_wconf 88' lang='lat' dir='ltr'>Idem</span> <span class='ocrx_word' id='word_1_83' title='bbox 360 1169 418 1207; x_wconf 81' lang='lat' dir='ltr'>ib.</span> <span class='ocrx_word' id='word_1_84' title='bbox 447 1171 498 1211; x_wconf 79' lang='lat' dir='ltr'>T.</span> <span class='ocrx_word' id='word_1_85' title='bbox 529 1171 645 1209; x_wconf 87' lang='lat' dir='ltr'>XIX.</span> <span class='ocrx_word' id='word_1_86' title='bbox 678 1185 720 1222; x_wconf 88' lang='lat' dir='ltr'>p.</span> <span class='ocrx_word' id='word_1_87' title='bbox 747 1176 840 1223; x_wconf 71' lang='lat'><strong>429.</strong></span> <span class='ocrx_word' id='word_1_88' title='bbox 872 1172 897 1195; x_wconf 45' lang='grc' dir='ltr'>ἢ(</span> <span class='ocrx_word' id='word_1_89' title='bbox 923 1184 967 1209; x_wconf 85' lang='lat' dir='ltr'>se</span> <span class='ocrx_word' id='word_1_90' title='bbox 996 1173 1041 1209; x_wconf 87' lang='lat' dir='ltr'>in</span> <span class='ocrx_word' id='word_1_91' title='bbox 1071 1171 1197 1210; x_wconf 87' lang='lat' dir='ltr'>Gado</span> <span class='ocrx_word' id='word_1_92' title='bbox 1227 1173 1338 1209; x_wconf 76' lang='lat' dir='ltr'>Lota</span> 
     </span>
     <span class='ocr_line' id='line_1_14' title="bbox 116 1245 1336 1297; baseline 0.002 -14"><span class='ocrx_word' id='word_1_93' title='bbox 116 1245 353 1284; x_wconf 87' lang='lat' dir='ltr'>Fasciolam</span> <span class='ocrx_word' id='word_1_94' title='bbox 400 1245 619 1285; x_wconf 83' lang='lat' dir='ltr'>barbatam</span> <span class='ocrx_word' id='word_1_95' title='bbox 657 1248 893 1285; x_wconf 84' lang='lat' dir='ltr'>Linnaei</span> <span class='ocrx_word' id='word_1_96' title='bbox 941 1250 1181 1297; x_wconf 82' lang='lat' dir='ltr'>invenisse,</span> <span class='ocrx_word' id='word_1_97' title='bbox 1236 1261 1336 1286; x_wconf 80' lang='lat' dir='ltr'>ean-</span> 
     </span>
     <span class='ocr_line' id='line_1_15' title="bbox 117 1321 1332 1373; baseline 0.004 -15"><span class='ocrx_word' id='word_1_98' title='bbox 117 1321 302 1373; x_wconf 81' lang='lat' dir='ltr'>demque</span> <span class='ocrx_word' id='word_1_99' title='bbox 341 1334 452 1368; x_wconf 89' lang='lat' dir='ltr'>esse,</span> <span class='ocrx_word' id='word_1_100' title='bbox 502 1336 628 1373; x_wconf 86' lang='lat' dir='ltr'>quam</span> <span class='ocrx_word' id='word_1_101' title='bbox 665 1325 710 1359; x_wconf 87' lang='lat' dir='ltr'>in</span> <span class='ocrx_word' id='word_1_102' title='bbox 737 1324 789 1360; x_wconf 88' lang='lat' dir='ltr'>T.</span> <span class='ocrx_word' id='word_1_103' title='bbox 818 1324 910 1360; x_wconf 86' lang='lat' dir='ltr'>XV.</span> <span class='ocrx_word' id='word_1_104' title='bbox 950 1323 1026 1361; x_wconf 90' lang='lat' dir='ltr'>sub</span> <span class='ocrx_word' id='word_1_105' title='bbox 1063 1324 1332 1363; x_wconf 87' lang='lat' dir='ltr'>Acanthoce-</span> 
     </span>
     <span class='ocr_line' id='line_1_16' title="bbox 116 1394 864 1449; baseline 0.001 -16"><span class='ocrx_word' id='word_1_106' title='bbox 116 1394 233 1447; x_wconf 74' lang='lat' dir='ltr'>phali</span> <span class='ocrx_word' id='word_1_107' title='bbox 259 1399 433 1434; x_wconf 88' lang='lat' dir='ltr'>nomine</span> <span class='ocrx_word' id='word_1_108' title='bbox 466 1399 548 1449; x_wconf 84' lang='lat' dir='ltr'>jam</span> <span class='ocrx_word' id='word_1_109' title='bbox 579 1396 864 1447; x_wconf 87' lang='lat' dir='ltr'>descripserit.</span> 
     </span>
    </p>

    <p class='ocr_par' dir='ltr' id='par_1_5' title="bbox 64 1470 1333 2364">
     <span class='ocr_line' id='line_1_17' title="bbox 64 1470 1333 1527; baseline 0.003 -19"><span class='ocrx_word' id='word_1_110' title='bbox 64 1477 152 1516; x_wconf 79' lang='lat'><strong>288.</strong></span> <span class='ocrx_word' id='word_1_111' title='bbox 189 1473 226 1510; x_wconf 90' lang='lat' dir='ltr'>A</span> <span class='ocrx_word' id='word_1_112' title='bbox 268 1486 431 1527; x_wconf 83' lang='lat' dir='ltr'>voyage</span> <span class='ocrx_word' id='word_1_113' title='bbox 470 1470 654 1509; x_wconf 81' lang='lat' dir='ltr'>towards</span> <span class='ocrx_word' id='word_1_114' title='bbox 693 1470 763 1508; x_wconf 89' lang='lat' dir='ltr'>the</span> <span class='ocrx_word' id='word_1_115' title='bbox 790 1471 927 1509; x_wconf 86' lang='lat' dir='ltr'>North</span> <span class='ocrx_word' id='word_1_116' title='bbox 965 1473 1069 1512; x_wconf 84' lang='lat' dir='ltr'>Pole</span> <span class='ocrx_word' id='word_1_117' title='bbox 1105 1473 1164 1527; x_wconf 85' lang='lat' dir='ltr'>by</span> <span class='ocrx_word' id='word_1_118' title='bbox 1193 1475 1333 1512; x_wconf 89' lang='lat' dir='ltr'>Con-</span> 
     </span>
     <span class='ocr_line' id='line_1_18' title="bbox 116 1544 1331 1598; baseline 0.001 -13"><span class='ocrx_word' id='word_1_119' title='bbox 116 1550 363 1585; x_wconf 82' lang='lat' dir='ltr'>stantine</span> <span class='ocrx_word' id='word_1_120' title='bbox 391 1545 530 1584; x_wconf 85' lang='lat' dir='ltr'>John</span> <span class='ocrx_word' id='word_1_121' title='bbox 559 1544 776 1597; x_wconf 83' lang='lat' dir='ltr'>Phipps.</span> <span class='ocrx_word' id='word_1_122' title='bbox 806 1547 992 1584; x_wconf 87' lang='lat' dir='ltr'>London</span> <span class='ocrx_word' id='word_1_123' title='bbox 1018 1553 1131 1598; x_wconf 67' lang='lat'>1774.</span> <span class='ocrx_word' id='word_1_124' title='bbox 1153 1549 1179 1574; x_wconf 61' lang='lat'>⁴³</span> <span class='ocrx_word' id='word_1_125' title='bbox 1206 1547 1331 1586; x_wconf 83' lang='lat' dir='ltr'>Echi-</span> 
     </span>
     <span class='ocr_line' id='line_1_19' title="bbox 111 1619 1330 1676; baseline 0.002 -16"><span class='ocrx_word' id='word_1_126' title='bbox 111 1619 383 1676; x_wconf 85' lang='lat' dir='ltr'>norhynchus</span> <span class='ocrx_word' id='word_1_127' title='bbox 411 1624 454 1659; x_wconf 92' lang='lat' dir='ltr'>in</span> <span class='ocrx_word' id='word_1_128' title='bbox 482 1622 618 1661; x_wconf 79' lang='lat' dir='ltr'>Anate</span> <span class='ocrx_word' id='word_1_129' title='bbox 645 1620 892 1661; x_wconf 83' lang='lat' dir='ltr'>mollissima</span> <span class='ocrx_word' id='word_1_130' title='bbox 918 1632 1115 1674; x_wconf 81' lang='lat' dir='ltr'>repertus</span> <span class='ocrx_word' id='word_1_131' title='bbox 1145 1622 1222 1662; x_wconf 85' lang='lat' dir='ltr'>sub</span> <span class='ocrx_word' id='word_1_132' title='bbox 1252 1638 1330 1663; x_wconf 86' lang='lat' dir='ltr'>no-</span> 
     </span>
     <span class='ocr_line' id='line_1_20' title="bbox 112 1699 1330 1753; baseline 0 -16"><span class='ocrx_word' id='word_1_133' title='bbox 112 1701 226 1738; x_wconf 88' lang='lat' dir='ltr'>mine</span> <span class='ocrx_word' id='word_1_134' title='bbox 262 1699 520 1749; x_wconf 79' lang='lat' dir='ltr'>Sipzmculns</span> <span class='ocrx_word' id='word_1_135' title='bbox 546 1699 753 1738; x_wconf 83' lang='lat' dir='ltr'>Lendix</span> <span class='ocrx_word' id='word_1_136' title='bbox 788 1712 831 1751; x_wconf 86' lang='lat' dir='ltr'>p.</span> <span class='ocrx_word' id='word_1_137' title='bbox 864 1704 951 1751; x_wconf 67' lang='lat'>194.</span> <span class='ocrx_word' id='word_1_138' title='bbox 987 1713 1095 1753; x_wconf 81' lang='lat' dir='ltr'>vage</span> <span class='ocrx_word' id='word_1_139' title='bbox 1129 1699 1330 1738; x_wconf 86' lang='lat' dir='ltr'>describi-</span> 
     </span>
     <span class='ocr_line' id='line_1_21' title="bbox 113 1774 1328 1829; baseline 0.002 -16"><span class='ocrx_word' id='word_1_140' title='bbox 113 1786 181 1813; x_wconf 85' lang='lat' dir='ltr'>tur</span> <span class='ocrx_word' id='word_1_141' title='bbox 217 1784 260 1814; x_wconf 85' lang='lat' dir='ltr'>et</span> <span class='ocrx_word' id='word_1_142' title='bbox 290 1774 399 1815; x_wconf 76' lang='lat' dir='ltr'>Tab.</span> <span class='ocrx_word' id='word_1_143' title='bbox 434 1783 492 1822; x_wconf 79' lang='lat'>13.</span> <span class='ocrx_word' id='word_1_144' title='bbox 528 1776 615 1829; x_wconf 76' lang='lat' dir='ltr'>Fig.</span> <span class='ocrx_word' id='word_1_145' title='bbox 651 1790 683 1814; x_wconf 91' lang='lat'>1.</span> <span class='ocrx_word' id='word_1_146' title='bbox 718 1776 756 1815; x_wconf 93' lang='lat' dir='ltr'><strong>A</strong></span> <span class='ocrx_word' id='word_1_147' title='bbox 781 1800 800 1806; x_wconf 95' lang='lat'><em>-</em></span> <span class='ocrx_word' id='word_1_148' title='bbox 826 1776 873 1815; x_wconf 92' lang='lat' dir='ltr'>C.</span> <span class='ocrx_word' id='word_1_149' title='bbox 913 1774 1053 1814; x_wconf 85' lang='lat' dir='ltr'>obiter</span> <span class='ocrx_word' id='word_1_150' title='bbox 1091 1774 1328 1816; x_wconf 77' lang='lat' dir='ltr'>delineatus</span> 
     </span>
     <span class='ocr_line' id='line_1_22' title="bbox 113 1850 1330 1905; baseline 0 -14"><span class='ocrx_word' id='word_1_151' title='bbox 113 1854 282 1891; x_wconf 86' lang='lat' dir='ltr'>sistitur.</span> <span class='ocrx_word' id='word_1_152' title='bbox 343 1852 534 1892; x_wconf 82' lang='lat' dir='ltr'>Eandem</span> <span class='ocrx_word' id='word_1_153' title='bbox 573 1855 699 1891; x_wconf 78' lang='lat' dir='ltr'>etiam</span> <span class='ocrx_word' id='word_1_154' title='bbox 735 1854 922 1905; x_wconf 88' lang='lat' dir='ltr'>speciem</span> <span class='ocrx_word' id='word_1_155' title='bbox 960 1854 1005 1889; x_wconf 89' lang='lat' dir='ltr'>in</span> <span class='ocrx_word' id='word_1_156' title='bbox 1042 1850 1220 1892; x_wconf 81' lang='lat' dir='ltr'>balaena</span> <span class='ocrx_word' id='word_1_157' title='bbox 1257 1867 1330 1891; x_wconf 90' lang='lat' dir='ltr'>oc-</span> 
     </span>
     <span class='ocr_line' id='line_1_23' title="bbox 113 1928 1326 1981; baseline 0.002 -15"><span class='ocrx_word' id='word_1_158' title='bbox 113 1942 308 1977; x_wconf 82' lang='lat' dir='ltr'>currere,</span> <span class='ocrx_word' id='word_1_159' title='bbox 364 1928 415 1967; x_wconf 84' lang='lat' dir='ltr'>ab</span> <span class='ocrx_word' id='word_1_160' title='bbox 450 1930 698 1969; x_wconf 86' lang='lat' dir='ltr'>Huntero</span> <span class='ocrx_word' id='word_1_161' title='bbox 738 1938 961 1981; x_wconf 83' lang='lat' dir='ltr'>acceptum</span> <span class='ocrx_word' id='word_1_162' title='bbox 998 1929 1152 1977; x_wconf 77' lang='lat' dir='ltr'>tradit,</span> <span class='ocrx_word' id='word_1_163' title='bbox 1207 1930 1326 1969; x_wconf 82' lang='lat' dir='ltr'>unde</span> 
     </span>
     <span class='ocr_line' id='line_1_24' title="bbox 112 2004 1325 2058; baseline 0.001 -14"><span class='ocrx_word' id='word_1_164' title='bbox 112 2004 421 2053; x_wconf 86' lang='lat' dir='ltr'>Gmelinus,</span> <span class='ocrx_word' id='word_1_165' title='bbox 477 2008 545 2058; x_wconf 85' lang='lat' dir='ltr'>qui</span> <span class='ocrx_word' id='word_1_166' title='bbox 590 2020 746 2045; x_wconf 82' lang='lat' dir='ltr'>novam</span> <span class='ocrx_word' id='word_1_167' title='bbox 793 2009 1072 2045; x_wconf 82' lang='lat' dir='ltr'>constitueret</span> <span class='ocrx_word' id='word_1_168' title='bbox 1118 2005 1325 2045; x_wconf 78' lang='lat' dir='ltr'>balaenae</span> 
     </span>
     <span class='ocr_line' id='line_1_25' title="bbox 111 2083 1322 2136; baseline -0.001 -15"><span class='ocrx_word' id='word_1_169' title='bbox 111 2087 319 2135; x_wconf 85' lang='lat' dir='ltr'>speciem,</span> <span class='ocrx_word' id='word_1_170' title='bbox 376 2094 612 2122; x_wconf 80' lang='lat' dir='ltr'>commotus</span> <span class='ocrx_word' id='word_1_171' title='bbox 665 2094 750 2132; x_wconf 85' lang='lat' dir='ltr'>est,</span> <span class='ocrx_word' id='word_1_172' title='bbox 803 2084 954 2122; x_wconf 89' lang='lat' dir='ltr'>iisdem</span> <span class='ocrx_word' id='word_1_173' title='bbox 997 2093 1141 2122; x_wconf 86' lang='lat' dir='ltr'>tamen</span> <span class='ocrx_word' id='word_1_174' title='bbox 1177 2083 1322 2136; x_wconf 81' lang='lat' dir='ltr'>figuris</span> 
     </span>
     <span class='ocr_line' id='line_1_26' title="bbox 112 2160 1322 2219; baseline 0.001 -23"><span class='ocrx_word' id='word_1_175' title='bbox 112 2169 335 2213; x_wconf 81' lang='lat' dir='ltr'>utramque</span> <span class='ocrx_word' id='word_1_176' title='bbox 364 2160 418 2198; x_wconf 88' lang='lat' dir='ltr'>ad</span> <span class='ocrx_word' id='word_1_177' title='bbox 448 2162 630 2211; x_wconf 87' lang='lat' dir='ltr'>speciem</span> <span class='ocrx_word' id='word_1_178' title='bbox 658 2160 857 2206; x_wconf 85' lang='lat' dir='ltr'>laudatis;</span> <span class='ocrx_word' id='word_1_179' title='bbox 904 2170 945 2199; x_wconf 88' lang='lat' dir='ltr'>et</span> <span class='ocrx_word' id='word_1_180' title='bbox 973 2160 1225 2219; x_wconf 77' lang='lat' dir='ltr'>Zederus¹</span> <span class='ocrx_word' id='word_1_181' title='bbox 1246 2173 1322 2210; x_wconf 88' lang='lat' dir='ltr'>op-</span> 
     </span>
     <span class='ocr_line' id='line_1_27' title="bbox 113 2236 1320 2286; baseline 0 -13"><span class='ocrx_word' id='word_1_182' title='bbox 113 2237 260 2284; x_wconf 85' lang='lat' dir='ltr'>timus,</span> <span class='ocrx_word' id='word_1_183' title='bbox 287 2236 396 2275; x_wconf 87' lang='lat' dir='ltr'>libro</span> <span class='ocrx_word' id='word_1_184' title='bbox 426 2251 513 2276; x_wconf 88' lang='lat' dir='ltr'>non</span> <span class='ocrx_word' id='word_1_185' title='bbox 541 2239 658 2286; x_wconf 90' lang='lat' dir='ltr'>viso,</span> <span class='ocrx_word' id='word_1_186' title='bbox 688 2237 1098 2277; x_wconf 82' lang='lat' dir='ltr'>Gmelinianum</span> <span class='ocrx_word' id='word_1_187' title='bbox 1128 2248 1320 2274; x_wconf 84' lang='lat' dir='ltr'>errorem</span> 
     </span>
     <span class='ocr_line' id='line_1_28' title="bbox 111 2314 623 2364; baseline 0.004 -14"><span class='ocrx_word' id='word_1_188' title='bbox 111 2322 307 2364; x_wconf 85' lang='lat' dir='ltr'>repetere</span> <span class='ocrx_word' id='word_1_189' title='bbox 335 2323 502 2352; x_wconf 84' lang='lat' dir='ltr'>coactus</span> <span class='ocrx_word' id='word_1_190' title='bbox 530 2314 623 2353; x_wconf 88' lang='lat' dir='ltr'>fuit.</span> 
     </span>
    </p>

    <p class='ocr_par' dir='ltr' id='par_1_6' title="bbox 62 2389 1317 2526">
     <span class='ocr_line' id='line_1_29' title="bbox 62 2389 1317 2442; baseline 0 -15"><span class='ocrx_word' id='word_1_191' title='bbox 62 2395 150 2441; x_wconf 79' lang='lat'>289.</span> <span class='ocrx_word' id='word_1_192' title='bbox 188 2389 270 2427; x_wconf 91' lang='lat' dir='ltr'>Om</span> <span class='ocrx_word' id='word_1_193' title='bbox 311 2402 363 2427; x_wconf 88' lang='lat' dir='ltr'>en</span> <span class='ocrx_word' id='word_1_194' title='bbox 397 2390 579 2430; x_wconf 58' lang='lat' dir='ltr'>sardeles</span> <span class='ocrx_word' id='word_1_195' title='bbox 615 2390 759 2440; x_wconf 80' lang='lat' dir='ltr'>mask,</span> <span class='ocrx_word' id='word_1_196' title='bbox 812 2405 905 2430; x_wconf 90' lang='lat' dir='ltr'>som</span> <span class='ocrx_word' id='word_1_197' title='bbox 950 2389 1088 2428; x_wconf 82' lang='lat' dir='ltr'>liknar</span> <span class='ocrx_word' id='word_1_198' title='bbox 1124 2398 1317 2442; x_wconf 73' lang='lat' dir='ltr'>spi-utor,</span> 
     </span>
     <span class='ocr_line' id='line_1_30' title="bbox 112 2465 1317 2526; baseline -0.002 -22"><span class='ocrx_word' id='word_1_199' title='bbox 112 2465 191 2505; x_wconf 91' lang='lat' dir='ltr'>och</span> <span class='ocrx_word' id='word_1_200' title='bbox 231 2467 310 2521; x_wconf 69' lang='lat' dir='ltr'>gor</span> <span class='ocrx_word' id='word_1_201' title='bbox 345 2465 574 2520; x_wconf 78' lang='lat' dir='ltr'>Hydatides</span> <span class='ocrx_word' id='word_1_202' title='bbox 618 2466 723 2506; x_wconf 82' lang='lat' dir='ltr'>elier</span> <span class='ocrx_word' id='word_1_203' title='bbox 758 2466 1036 2506; x_wconf 67' lang='lat' dir='ltr'>Vattuhelsor</span> <span class='ocrx_word' id='word_1_204' title='bbox 1076 2469 1090 2505; x_wconf 90' lang='lat' dir='ltr'>i</span> <span class='ocrx_word' id='word_1_205' title='bbox 1131 2468 1317 2526; x_wconf 77' lang='lat' dir='ltr'>Norsens</span> 
     </span>
    </p>
   </div>
  </div>
 </body>
</html>
