1801 3066
408 148 411 152 ”
465 148 546 195 578

466 262 546 301 pro
585 247 743 302 gordiis
781 245 992 295 habuere,
1034 251 1121 299 ipse
1151 248 1299 286 saltem
1326 241 1448 289 variis
1477 253 1521 289 in
1547 232 1729 306 piscibus

465 329 643 364 mortuis
671 323 760 362 illas
791 324 934 362 sedem
964 339 1081 362 suam
1110 325 1343 377 reliquisse,
1374 336 1415 364 et
1443 329 1487 365 in
1507 329 1628 379 piscis
1654 343 1728 369 ore

465 401 534 440 vel
553 404 663 440 inter
682 399 880 440 branchia
900 399 1078 438 haerere
1101 400 1331 441 observavi.
1378 402 1465 443 Cel.
1495 405 1568 442 De
1583 418 1644 457 ge
1659 419 1729 455 er,

465 488 512 517 ut
539 480 583 516 in
609 477 712 517 Bibl.
741 490 781 516 n.
813 478 903 526 234.
933 478 1103 524 monui,
1151 465 1399 517 Phalaenae.
1423 480 1593 532 quidem
1623 479 1731 520 Fila-

465 556 570 592 riam
596 555 743 601 refert,
771 557 896 591 icone
926 562 1064 590 autem
1096 551 1224 590 altera
1255 553 1463 593 Gordium
1494 559 1731 608 aquaticum

464 645 612 670 verum
643 631 900 669 delineatum
930 632 1046 676 sistit,
1076 638 1122 665 ut
1149 642 1250 666 num
1279 627 1407 678 hunc,
1437 646 1532 670 cum
1559 632 1630 671 illa
1647 646 1728 684 pro

466 708 617 747 eodem
661 706 886 756 habendo,
936 705 1235 753 delineaverit,
1282 715 1423 744 utrum
1464 707 1567 747 alius
1610 722 1729 747 error

464 765 748 835 subrepserit,
779 770 845 821 me
874 782 1040 836 fugiat¹¹

540 858 908 910 Metamorphosin
931 859 1120 897 tandem
1163 860 1280 910 quod
1319 862 1466 898 attinet
1506 861 1726 908 vermium,

463 950 487 974 a
514 935 890 975 Vallisnierio
922 937 1081 974 dudum
1112 936 1357 983 refutatam,
1386 935 1630 975 brevissime
1662 950 1728 974 ex·-

460 1013 644 1065 pediam.
698 1011 814 1051 Nulli
842 1014 1205 1070 praeterinsecta
1225 1009 1330 1049 haec
1360 1013 1585 1065 contingit,
1617 1022 1658 1050 et
1683 1014 1728 1055 in

462 1089 681 1137 vermibus
714 1101 795 1127 ovo
827 1087 1000 1126 exclusis
1041 1087 1108 1135 vel
1136 1097 1262 1138 partu
1289 1089 1384 1126 vivo
1425 1088 1545 1126 editis
1576 1089 1728 1127 eadem

461 1168 614 1204 sensim
644 1167 833 1215 corporis
866 1163 1052 1202 evolutio
1078 1174 1118 1201 et
1139 1164 1346 1214 perfectio
1371 1147 1588 1215 competit,
1617 1178 1727 1216 quae

460 1243 505 1278 in
542 1239 713 1292 reliquis
754 1239 994 1277 animalium
1036 1239 1233 1277 classibus
1274 1238 1535 1278 observatur.
1596 1240 1727 1278 Ento-

461 1330 639 1354 zoorum
668 1315 807 1353 foetus
838 1314 986 1367 quibus
1015 1317 1125 1353 notis
1157 1314 1207 1352 ab
1239 1315 1388 1353 adultis
1419 1313 1643 1364 differant,
1680 1317 1727 1354 in

460 1395 564 1444 Cap.
594 1393 687 1430 XV,
726 1391 929 1439 indicavi,
969 1394 1013 1429 in
1051 1389 1113 1430 his
1154 1401 1294 1429 autem
1329 1390 1726 1445 metamorphoseos

461 1470 563 1523 quid
591 1470 837 1520 neutiquam
866 1470 1113 1519 percipitur,
1143 1482 1268 1520 quam
1293 1470 1327 1506 si
1349 1467 1555 1517 subirent,
1583 1467 1728 1506 diutiss

459 1549 562 1585 sime
594 1547 808 1598 cognitam
847 1543 1125 1593 haberemus,
1167 1546 1269 1591 cum
1300 1554 1493 1583 auctores
1529 1543 1726 1583 nonnulli

457 1624 662 1661 vermium
701 1620 1005 1659 intestinalium
1053 1620 1242 1660 indolem
1280 1618 1436 1657 multos
1472 1632 1553 1670 per
1590 1633 1722 1667 annos

461 1698 629 1736 assiduo
661 1695 1002 1743 observaverint,
1032 1710 1110 1734 nec
1138 1698 1396 1735 insectorum
1426 1696 1608 1747 corpora
1638 1698 1724 1743 ani-

456 1773 584 1813 malia
611 1773 857 1811 intrantium
885 1770 1235 1822 metamorphosis
1265 1786 1342 1810 nos
1370 1771 1551 1810 latuerit.
1601 1773 1724 1824 Quae

456 1858 689 1895 mutantur,
717 1849 895 1899 proprio
928 1850 1051 1885 etiam
1080 1847 1191 1886 hunc
1217 1851 1260 1886 in
1286 1848 1413 1886 finem
1435 1856 1641 1899 apparatu
1660 1850 1723 1886 in-

458 1935 610 1965 structa
639 1934 748 1972 sunt,
779 1938 902 1976 quem
926 1926 969 1961 iu
996 1923 1120 1963 larvis
1153 1927 1373 1977 erucisque
1399 1923 1728 1973 observavimus,⁴

456 2013 500 2041 et
521 2001 678 2040 fabrica
698 2002 954 2040 insectorum
976 2014 1101 2052 quam
1125 2006 1404 2040 entozoorum
1426 2010 1465 2039 et
1488 2000 1739 2054 gymnode-„
1764 1990 1772 1995 s

455 2078 596 2116 lorum
624 2076 758 2115 multo
787 2079 917 2129 magis
948 2080 1184 2128 composita
1213 2088 1284 2116 est.
1326 2062 1377 2115 Id
1404 2077 1480 2115 Vir
1503 2074 1578 2114 cel.
1600 2073 1740 2125 (Biblf

456 2169 496 2194 n.
529 2155 615 2192 226.
644 2168 684 2206 p.
719 2155 802 2205 17.)
852 2163 964 2191 certe
1002 2167 1091 2191 non
1128 2155 1334 2205 respexit,
1373 2154 1446 2204 qui
1482 2165 1585 2190 num
1612 2164 1720 2189 vena

455 2231 712 2269 medinensis
740 2230 780 2282 *)
808 2231 958 2268 vermis
988 2231 1040 2266 sit
1067 2229 1228 2277 nudus,
1258 2222 1399 2266 utrum
1426 2227 1541 2265 larva
1569 2228 1720 2265 insecti

549 2375 581 2420 ⁴¹)
608 2376 779 2408 Lectores
813 2372 954 2412 forsan,
987 2372 1050 2420 qui
1083 2385 1212 2406 venam
1250 2370 1505 2407 medinensem
1538 2368 1717 2405 Entozois

457 2428 716 2471 adnumerem‚
758 2431 878 2465 mirati
911 2441 1015 2469 sunt,
1053 2440 1088 2464 et
1121 2429 1313 2466 insolitum
1350 2442 1424 2464 esse
1459 2427 1713 2474 non'ignoro.

458 2490 646 2525 Gmelin
659 2502 726 2529 us,
761 2489 863 2537 quod
888 2489 1010 2527 sciam,
1037 2487 1132 2524 inter
1157 2488 1380 2523 recentiores
1404 2486 1536 2523 unicus
1561 2496 1625 2527 est,
1651 2482 1715 2532 qui
1757 2468 1762 2484 Χ
