1801 3066
1265 136 1345 189 263

80 245 313 286 habuerim.
368 242 532 288 Canalis
559 250 784 295 praeterea
809 240 955 279 medio
983 244 1027 281 in
1050 255 1232 295 corpore
1254 257 1343 285 ma-

79 322 284 376 jusculus,
339 322 395 362 ad
429 332 556 374 quem
593 328 792 356 vasorum
829 313 991 355 ibidem
1029 321 1344 360 occurrentium

80 401 290 454 quaedam
316 399 461 437 forsan
487 395 729 448 pertinent,
778 391 962 445 pIurima
992 396 1104 433 enim
1132 396 1187 435 ad
1215 409 1344 450 gene-

81 478 287 515 rationem
315 473 485 512 faciunt.
567 469 635 510 Ob
663 471 816 510 vermis
844 467 1057 522 reliquum
1093 485 1117 509 a
1143 472 1344 511 Nemato-

80 551 184 589 ideis
214 549 440 589 discrimen
468 546 616 588 tubum
643 540 927 586 intestinalem
946 559 1107 595 verum,
1139 558 1215 584 ore
1243 560 1345 584 ano-

79 639 162 680 que
194 627 489 675 terminatum,
521 626 588 663 vix
614 625 661 662 in
689 621 846 662 eodem
873 632 1127 672 statuerem,
1164 621 1240 661 sed
1267 634 1346 660 nu-

80 704 298 742 tritionem
333 703 475 755 potius
510 712 707 740 vasorum
745 698 796 739 ab
835 713 912 740 ore
950 694 1232 739 oriundorum
1261 710 1348 749 ope

77 778 171 819 fieri
197 779 426 818 crederem.

161 855 206 893 0.
228 854 422 905 Ligulae
450 854 692 894 nutritionis
720 853 875 894 modus
902 865 981 893 nos
1002 852 1121 906 fugit.
1176 845 1347 888 Bloch

78 929 385 984 (Abhandlung
412 943 452 982 p.
483 933 550 984 2.)
590 933 664 983 qui
692 943 880 970 vermem
922 930 1163 981 saepissime
1192 926 1348 965 exami-

77 1010 216 1058 navit,
245 1005 433 1046 canalem
451 1007 737 1046 intestinalem
765 1008 810 1046 in
839 1005 993 1046 eodem
1020 1017 1110 1044 non
1137 1012 1350 1055 apparere

78 1083 259 1134 Fatetur,
298 1083 540 1124 Goezius
580 1093 720 1123 autem
750 1077 1147 1137 (Naturgeschichte
1174 1093 1216 1131 p.
1237 1077 1349 1130 187.)

79 1158 234 1199 lineam
259 1173 342 1211 pro
373 1161 476 1201 tubo
508 1161 668 1201 cibario
705 1161 856 1201 vendit
889 1155 1247 1212 longitudinalem
1274 1156 1350 1191 irn-

80 1250 267 1289 pressam
283 1265 298 1285 ,
355 1252 482 1291 quam
530 1251 627 1277 cum
679 1238 714 1276 Z
734 1252 756 1278 e
776 1237 804 1277 d
820 1251 842 1276 e
859 1251 880 1276 r
897 1250 923 1274 o
978 1247 1059 1287 pro
1106 1233 1350 1278 ovariorum

83 1315 222 1365 potius
271 1315 382 1351 serie
421 1311 637 1354 haberem.
719 1313 922 1351 ciconiae
950 1311 1139 1363 inprimis
1174 1305 1352 1361 Ligula,

83 1402 210 1441 quam
249 1401 396 1426 coram
442 1389 638 1437 intueor,
692 1387 963 1440 longissima,
1017 1393 1178 1438 puncta
1212 1382 1354 1435 lineae

89 1467 198 1503 istius
245 1466 420 1503 omnino
471 1463 624 1502 eadem
670 1477 719 1503 ac
764 1464 1023 1501 Taeniarum
1073 1459 1353 1512 plurimarum

91 1539 227 1578 ovaria
263 1539 416 1588 refert,
457 1548 505 1577 ut
533 1553 661 1578 omne
690 1537 768 1578 hac
798 1538 853 1577 de
880 1552 928 1576 re
962 1536 1140 1576 dubium
1166 1533 1354 1574 tollatur,

90 1614 246 1653 Forsan
272 1616 417 1667 itaque
445 1616 599 1654 vermis
638 1617 731 1653 iste«
760 1614 1038 1666 absorptione
1067 1611 1250 1664 quadam
1279 1608 1355 1648 hu-

90 1703 253 1729 morum
289 1689 406 1730 lenta
445 1691 550 1742 (nec
589 1691 746 1730 eodem
782 1703 918 1743 aquae
958 1690 1147 1728 immisso
1188 1687 1356 1739 conspi-

92 1780 166 1805 cua
175 1776 184 1819 )
228 1767 383 1815 utitur,
423 1776 495 1805 aut
522 1769 701 1806 materia
730 1766 919 1820 ejusdem
945 1763 1103 1806 fibrosa
1128 1776 1227 1805 vasa
1256 1774 1356 1801 con-

91 1845 194 1883 tinet
217 1844 458 1883 tenuissima
487 1841 537 1881 ab
575 1855 651 1882 ore
680 1843 877 1882 oriunda.

166 1921 223 1959 D.
256 1916 632 1971 Tricnspidariae.
691 1920 750 1959 Os
779 1917 1051 1967 bilabiatum,
1099 1915 1287 1969 amplum
1316 1923 1359 1956 et

91 1995 230 2045 hians,
278 1993 463 2033 motibus
493 1995 639 2046 capitis
666 1997 791 2037 variis
820 1994 1020 2035 facillime
1059 1995 1359 2047 conspicuum,

90 2073 167 2112 sed
192 2084 335 2125 neque
365 2069 518 2109 canalis
556 2071 829 2122 intestinalis,
883 2084 1028 2124 neque
1061 2083 1160 2110 vasa
1186 2070 1360 2109 nutritia

92 2151 196 2188 visui
225 2147 486 2189 exhibentur.
553 2148 611 2187 Os
645 2147 753 2188 illud.
781 2158 896 2188 certe
922 2149 1231 2187 nutrimentum
1258 2144 1361 2184 hau·-

94 2228 169 2273 rit,
217 2228 291 2278 qui
321 2236 462 2265 autem
490 2224 645 2264 humor
670 2227 870 2266 nutritius
898 2224 1087 2278 partibus
1117 2222 1359 2272 adferatur,

92 2303 272 2340 maxime
301 2301 493 2344 dubium.
560 2302 629 2340 De
669 2303 904 2341 nutritione
932 2315 1012 2353 per
1040 2299 1362 2353 absorptionem

97 2389 316 2418 cutaneam
343 2378 387 2416 in
413 2377 495 2417 fine
522 2375 778 2432 paragraphi
807 2388 967 2432 agetur.

173 2455 226 2492 E.
256 2444 670 2508 Bochriocejulcizlus.
725 2456 867 2508 Caput
892 2454 1149 2508 plerumque
1174 2454 1359 2496 inerme.
1387 2506 1394 2517 .
