1801 3066
1292 181 1367 222 301

111 294 158 319 ac
199 278 456 318 Taeniarum
495 272 652 319 modo,
706 269 829 312 villos
874 272 1095 325 (genitalia
1137 279 1370 336 masculaP)

108 359 324 402 emittunt,
363 365 469 405 quos
498 363 566 387 me
596 359 737 387 tamen
766 362 814 387 ex
844 352 1078 389 eorundem
1108 356 1273 397 orificiis
1306 374 1371 398 ex-

109 442 242 471 sertos
271 428 462 467 nondum
490 427 659 473 vidisse,
689 424 906 480 fatendum
938 435 1009 464 est.

187 507 238 544 D.
269 502 641 554 Bochrioc'eplmh‘
664 499 842 548 articuli,
873 503 1017 540 amicis
1047 511 1241 557 exceptis,
1272 525 1375 551 ova-

109 585 172 622 ria
209 579 384 628 similia,
421 578 695 630 utplurimum
733 575 925 625 nodosa,
964 577 1031 616 vel
1067 581 1256 621 maculae
1295 586 1371 626 sub

108 658 270 705 forma,
315 670 446 708 opaca
476 654 542 692 vel
570 655 850 708 nigrescentia
883 652 1101 704 exhibent,
1143 660 1187 696 in
1224 660 1373 712 quibus

111 732 236 771 ovula
266 731 529 771 subrotunda
558 739 759 783 congesta
787 738 892 767 sunt.
947 729 996 767 In
1015 733 1229 774 nonnullis
1250 739 1375 776 etiam

112 809 262 847 ductus
301 818 559 846 transversus
598 807 649 845 ab
688 808 835 845 ovario
866 807 921 844 ad
950 808 1113 847 articuli
1141 815 1375 866 marginem

110 897 361 938 progressus
387 894 528 931 exstat,
554 887 628 937 qui
652 887 695 921 in
713 885 757 920 B.
774 880 893 920 barbi
910 886 1175 936 reecangulo
1193 888 1264 939 (Bl
1278 903 1302 928 o
1315 905 1337 928 c
1349 888 1376 928 h

111 959 314 1000 Abhandl.
345 960 447 999 Tab.
477 960 506 998 I.
538 959 603 1014 fig.
621 963 673 1013 ὅ.)
707 973 801 997 cum
831 961 1005 1010 cujusvis
1035 961 1198 1001 articuli
1228 969 1375 1006 ovario

111 1035 262 1074 lineari
292 1036 492 1090 angulum
521 1047 684 1076 rectum
712 1035 884 1089 effingit.
953 1037 1196 1079 Lemniscos
1227 1045 1377 1081 articu-

110 1111 252 1151 lorum
281 1115 324 1164 in
353 1127 511 1166 genere
539 1115 790 1165 insequente
810 1125 936 1164 saepe
956 1111 1160 1154 exhibitos
1178 1116 1377 1160 Bothrio·

113 1188 278 1241 cephali
306 1191 465 1240 species
493 1187 610 1227 nulla
639 1186 835 1227 exhibuit.

191 1265 240 1305 Ε,
291 1265 489 1303 Taeniae
530 1262 692 1302 articuli
735 1266 881 1303 amicis
927 1276 970 1305 et
1008 1270 1246 1310 minoribus
1286 1275 1378 1324 pari

113 1341 245 1380 modo
277 1342 460 1391 exceptis
491 1342 646 1377 ovaria
675 1344 905 1388 continent.
960 1342 1126 1383 Horum
1153 1348 1377 1398 speciebus

116 1417 292 1456 diversis
324 1416 490 1454 diversa
519 1418 644 1454 etiam
672 1416 834 1467 forma,
872 1427 919 1457 ut
945 1419 1013 1458 vel
1041 1421 1248 1460 maculam
1278 1436 1380 1475 opa-

116 1508 204 1532 cam
237 1503 306 1530 aut
332 1490 603 1544 pellucidam,
632 1491 700 1530 vel
720 1493 928 1532 nodulum
952 1510 1047 1534 cum
1076 1501 1254 1537 cavitate
1283 1502 1380 1538 sim-

113 1569 237 1622 plici,
267 1566 335 1607 vel
364 1580 577 1605 racemum
603 1565 698 1617 plus
726 1570 865 1607 minus
894 1582 1134 1622 ramosum,
1176 1575 1380 1615 dendroi-

116 1645 267 1694 deum,
320 1656 425 1682 cavo
466 1641 689 1694 multiplici
728 1644 930 1687 referant.
997 1647 1246 1689 Carlisle
1288 1654 1379 1703 qui-

115 1721 213 1760 dem
249 1720 485 1772 (Transact.
527 1719 577 1757 of
612 1719 681 1759 the
708 1722 832 1762 Linn.
862 1724 961 1765 Sco.
989 1724 1089 1766 Vol.
1119 1726 1168 1767 ΙΙ,
1197 1741 1241 1779 Ρ.
1272 1731 1377 1781 254.)

114 1798 336 1836 materiam
374 1794 639 1850 coagulatam
676 1811 755 1836 nec
795 1799 919 1839 ovula
947 1804 993 1841 in
1020 1803 1171 1841 iisdem
1200 1808 1379 1856 reperiri

82 1906 88 1909 ,
115 1873 267 1921 tradit,
307 1871 383 1911 sed
410 1870 644 1924 valdopere
672 1873 853 1925 fallitur,
892 1876 1017 1916 ovula
1046 1882 1157 1918 enim
1185 1881 1378 1933 plurimis

114 1952 159 1988 in
197 1947 415 2001 speciebus
454 1950 686 1989 examinavi
726 1961 767 1990 et
803 1951 1066 2006 reliquorum·
1092 1961 1298 2006 ¹vermium
1328 1962 1381 1998 si—

115 2024 291 2062 millima
318 2024 418 2071 vidi,
449 2025 583 2077 quid?
612 2026 730 2078 quod
749 2028 980 2070 Taeniolae
1011 2035 1135 2071 etiam
1163 2037 1206 2072 in
1227 2036 1380 2075 iisdem

116 2111 315 2153 repertae
344 2110 455 2141 sunt.
509 2102 674 2141 Ovariis
702 2105 788 2142 istis
818 2119 944 2159 saepe
951 2108 1280 2160 foraminulunz
1303 2123 1379 2161 est,

117 2176 210 2228 plus
238 2178 377 2215 minus
407 2177 671 2228 distinctum,
716 2180 840 2232 quale
876 2197 916 2224 v.
945 2197 978 2225 e.
1017 2186 1295 2227 Linnaeus
1334 2192 1381 2229 in

117 2253 278 2291 Taenia
304 2252 390 2292 lata
417 2253 608 2293 osculum
635 2253 809 2296 laterale
838 2259 955 2301 dixit.
978 2300 982 2304 ,
1008 2259 1055 2300 In
1085 2263 1270 2303 articulis
1298 2279 1379 2317 po-

120 2326 366 2366 sterioribus
393 2339 618 2380 praeterea
644 2331 854 2373 foramina
880 2334 1076 2387 plurimis
1104 2349 1200 2378 sunt
1227 2345 1381 2396 margi-

119 2403 233 2442 nalia
262 2403 421 2454 (oscula
440 2407 688 2461 marginalia
707 2410 951 2450 Linnaeo
979 2415 1023 2450 in
1041 2413 1093 2455 Τ.
1113 2414 1230 2455 Solio
1252 2417 1380 2469 dicta)

120 2479 379 2534 marginibus
427 2494 554 2535 saepe
593 2485 806 2525 tumidulis
857 2490 977 2541 quasi
1015 2488 1195 2542 labiata,
1245 2496 1381 2533 rarius
