1801 3066
1282 153 1356 187 123

275 259 309 284 c.
364 245 696 283 Echinococcus
722 241 925 293 hepatis,
965 242 1167 283 bovinus.

92 336 183 384 425.
212 330 380 371 Niihere
411 326 819 381 Berichtigungsder
847 329 892 365 in
921 327 1004 365 den
1033 330 1352 372 Wasserblasen

145 409 221 447 der
248 406 385 447 Leber
411 403 782 443 vorkommenden
808 405 1031 452 Wfirmer,
1085 406 1193 444 nach
1234 411 1354 448 einer

142 488 186 522 in
214 483 290 520 der
314 479 453 519 Leber
483 482 602 518 einer
629 479 724 519 Kuh
754 478 1006 534 gemachten
1033 480 1353 538 Beobachtung,

141 569 225 596 von
273 557 361 595 Ge.
408 553 722 595 Prochaska.
793 555 865 594 In:
925 558 1077 596 Neuen
1121 556 1227 596 Abh.
1278 560 1354 597 der

140 631 282 670 bohm.
316 630 542 670 Gesellsch.
573 630 651 669 der
677 633 801 670 Wiss.
842 645 879 670 2.
907 633 954 670 Β.
997 634 1108 684 1795.
1135 637 1173 684 4.
1202 648 1243 686 p.
1277 636 1353 673 18-

142 714 206 753 28.
234 708 260 733 ’κ
313 708 374 746 Ex
412 706 660 761 hydatidum
697 706 945 747 membrana
973 708 1133 761 duplici
1143 739 1157 759 2
1200 724 1354 764 granu-

137 781 186 822 hs
218 795 295 823 etc.
325 784 542 835 descriptis
569 782 909 823 Echinocoecum
943 798 1032 823 esse
1059 796 1189 838 patet.
1248 787 1353 824 Gra-

137 860 240 899 nula
276 863 507 900 vesicarum
548 859 641 898 alba
671 861 910 914 distinguit,
949 863 1159 914 quaedam
1187 862 1355 916 regula-

138 939 200 974 ria
232 950 320 975 esse
360 946 400 974 et
426 950 505 988 pro
536 936 746 975 vermibus
775 935 997 985 habenda,
1042 939 1254 991 quaedam
1284 953 1355 977 au-

141 1022 226 1050 tem
271 1013 346 1052 sub
396 1015 682 1064 microscopio
722 1013 932 1054 maculata
974 1017 1061 1055 sive
1099 1017 1353 1069 inorganice

139 1088 367 1146 granulosa
396 1103 476 1143 app
484 1103 617 1128 arere.

562 1195 604 1233 d.
661 1197 683 1234 Ρ
724 1200 875 1236 muris.

85 1281 175 1334 426.
217 1281 409 1321 Gfinth.
458 1281 774 1335 Christoph.
823 1282 1266 1322 Schellhammer
1310 1287 1354 1322 in

137 1356 245 1408 Eph,
276 1359 368 1395 Nat.
400 1360 498 1397 Cur.
527 1359 631 1395 Dec.
661 1370 696 1394 2.
726 1371 821 1394 ann.
851 1372 886 1408 7.
914 1371 942 1408 p
971 1365 1061 1408 578.
1091 1363 1116 1383 ’κ
1182 1361 1354 1398 NIurem

139 1436 444 1487 vertiginosum
490 1447 564 1471 seu
608 1446 688 1483 per
729 1431 944 1471 bihorium
986 1436 1123 1485 capite
1168 1435 1352 1474 tremulo

138 1513 184 1549 in
211 1524 363 1564 gyrum
399 1511 719 1556 circumactum,
755 1509 926 1546 tandem
956 1509 1009 1547 ad
1028 1524 1072 1548 se
1100 1511 1353 1550 redeuntem

138 1595 182 1624 et
210 1584 405 1637 aufugam
442 1585 486 1621 in
513 1596 662 1622 museo
698 1597 773 1621 suo
804 1584 1053 1623 observavit.
1108 1586 1236 1625 Mure
1264 1600 1354 1625 non

138 1662 337 1709 dissecto,
365 1673 467 1699 num
479 1661 701 1699 Coenurus
717 1659 785 1699 vel
803 1659 1118 1700 Echinococcus
1138 1664 1183 1700 in
1207 1676 1351 1701 caussa

138 1737 292 1786 fuerit,
319 1750 398 1775 nee
425 1749 506 1785 ne,
535 1750 612 1775 nos
642 1737 815 1790 quidem
842 1736 972 1791 fugit,
1009 1736 1353 1777 observationem

90 1848 98 1853 ,
138 1824 282 1855 tamen
311 1815 506 1852 omittere
534 1813 675 1863 nolui,
733 1828 842 1868 quae
882 1814 1092 1866 ejusmodi
1126 1817 1278 1853 vermis
1308 1817 1352 1854 in

139 1893 267 1937 muris
292 1888 469 1930 cerebro
501 1890 730 1947 detegendi
750 1904 892 1929 ansam
918 1890 1129 1943 praebere
1158 1901 1296 1945 queat.

303 2013 368 2064 R.
441 2011 495 2058 V
497 2028 659 2060 ermes
692 2015 881 2060 incerti
908 2015 1137 2080 generis.

565 2143 605 2169 a.
653 2130 701 2167 H
702 2131 872 2170 ominis.

223 2216 522 2261 Stomaclzida
549 2218 863 2257 Perebomii
891 2217 947 2258 ad
967 2216 1214 2258 Ascaridem
1240 2214 1347 2254 Ium-

147 2292 379 2333 bricoidem
406 2294 539 2334 relata
565 2309 605 2333 11.
635 2296 724 2345 254.

93 2372 182 2420 427·
210 2370 487 2410 Dissertation
515 2386 585 2411 sur
611 2385 671 2410 un
696 2385 772 2410 ver
798 2369 1011 2410 intestinal
1033 2367 1352 2412 nouvellement

146 2441 378 2486 decouvert
404 2457 446 2487 et
466 2445 601 2489 decrit
621 2461 718 2491 sous
751 2448 792 2488 le
819 2460 921 2489 nom
951 2446 1006 2486 de
1033 2446 1214 2486 Bicorne
1243 2445 1352 2484 rude
