1801 3066
1256 151 1329 220 109

62 280 154 330 575.
185 274 487 314 Observations
514 277 635 320 upon
671 264 742 305 the
771 274 983 305 structure
1016 269 1099 308 and
1130 270 1328 312 Oecono-

116 367 188 407 my
229 351 276 389 of
313 348 432 388 those
474 341 693 382 Intestinal
731 342 900 379 Worms
950 341 1087 382 called
1126 346 1328 388 Taeniae,

117 429 181 482 By
218 422 475 474 Anthony
514 417 769 460 Carlisle.
825 418 894 456 In:
931 419 1146 458 Transact.
1178 424 1226 460 of
1259 424 1327 463 the

118 505 307 544 Linnean
337 499 508 551 society.
546 494 643 538 ,VoL
672 495 719 533 II.
758 508 798 545 p.
829 499 905 545 247
925 517 941 523 -
961 496 1051 533 262.
1079 496 1183 534 Tab.
1216 502 1273 538 25.
1304 503 1330 527 ’κ

118 578 297 616 Taenias
326 573 498 611 morbos
527 574 659 625 magis
689 573 908 618 comitari,
938 584 1065 623 quam
1094 575 1228 618 ciere;
1257 579 1330 626 qui

116 661 162 690 ut
187 660 372 689 noceant
399 658 553 687 creatas
584 661 673 686 esse
700 646 823 695 velit,
855 645 1084 686 absurdum
1110 662 1331 700 propone-

118 738 196 766 ret.
237 727 644 779 Regenerationem,
685 727 806 762 etiam
840 726 1010 775 capitis,
1051 725 1153 762 dari.
1214 726 1331 764 Stru-

119 814 281 842 cturam
317 800 573 853 simplicem,
622 799 672 838 ab
712 802 897 839 Auctore
937 802 1233 852 injectionibus
1264 816 1332 842 ex-

118 880 350 932 ploratam:
379 877 487 915 hanc
515 886 656 915 tamen
684 890 707 914 a
735 877 893 914 W'ern
908 890 996 915 ero
1028 877 1129 915 olim
1159 880 1219 930 (n.
1247 882 1331 932 18.)

118 956 265 995 melius
315 955 544 1005 expositam
590 954 790 991 invenies.
853 952 1143 992 Articulorum
1182 966 1330 994 mutuo

119 1032 314 1084 amplexu
354 1033 511 1068 coitum
542 1028 715 1068 absolvi.
773 1029 929 1068 Ovaria
971 1040 1012 1068 et
1041 1031 1166 1069 ovula
1197 1032 1334 1071 Goe-

118 1111 198 1147 zio
241 1108 352 1146 dicta
389 1119 616 1157 perperam
655 1107 799 1156 rejicit.
855 1105 1034 1159 Figurae
1073 1107 1331 1160 laudabiles,

119 1187 245 1223 etiam
273 1185 458 1221 Taeniae
485 1181 693 1230 bovinae,
721 1185 910 1233 rarioris,
940 1197 1067 1236 quam
1093 1198 1176 1237 pro
1207 1189 1333 1226 ovina

94 1251 257 1299 *haben

67 1337 156 1388 376.
205 1333 407 1386 Joseph
470 1334 818 1387 Lengsfeld's
882 1335 1196 1391 Beschreibung
1257 1340 1334 1378 der

120 1411 403 1449 Bandvviirme
443 1409 534 1447 und
579 1409 712 1446 deren
749 1409 996 1449 Heilmittel.
1050 1411 1179 1452 Wien
1219 1420 1331 1468 1794.

122 1486 184 1536 46.
208 1499 247 1536 p.
268 1491 306 1530 8.
335 1484 416 1523 tab.
450 1499 481 1523 1.
539 1484 656 1535 Opus
684 1484 838 1523 nullius
867 1490 1018 1537 pretii,
1050 1493 1189 1528 arcani
1219 1505 1334 1530 com-

120 1560 352 1599 mendandi
407 1561 542 1611 gratia
597 1562 894 1611 conscriptum.
975 1564 1154 1603 Recens.
1202 1566 1333 1606 Salzb.

120 1636 235 1676 Med.
267 1634 444 1688 chirurg.
473 1634 656 1688 Zeitung
688 1640 798 1687 1794.
828 1636 882 1674 St.
912 1643 950 1683 3.
990 1652 1030 1690 p.
1060 1646 1147 1686 553,

68 1720 158 1766 377.
187 1712 488 1752 Observations
528 1720 570 1750 et
605 1725 848 1765 remarques
892 1728 964 1752 sur
997 1714 1039 1754 le
1068 1716 1229 1756 Taenia
1256 1732 1335 1770 par

122 1789 357 1828 Eti'enne
405 1787 635 1827 Perolle.
701 1788 749 1826 In
796 1789 940 1828 Journ.
990 1790 1043 1829 de
1081 1791 1334 1847 Pphysique.

121 1864 172 1909 T.
204 1870 267 1910 53.
295 1877 334 1915 p.
370 1865 568 1917 106-109.
599 1865 625 1889 ⁴<
677 1866 867 1904 Taeniae
894 1867 1058 1905 articuli
1085 1867 1178 1908 fissi.
1224 1872 1335 1910 Tae-

123 1943 194 1980 nia
230 1943 276 1978 in
312 1939 542 1993 gelatinam
579 1941 759 1981 redacta.
842 1943 962 1983 Hanc
997 1948 1148 1984 vermis
1177 1948 1334 1999 princi-

122 2019 240 2069 pium
270 2019 475 2067 opinatur.

200 2095 374 2133 Praeter
421 2103 610 2133 auctores
662 2107 954 2145 enumeratos,
1010 2109 1236 2152 systemata
1292 2109 1335 2139 et

126 2172 281 2221 scripta
317 2169 585 2210 miscellanea
631 2172 845 2222 conFeras,
904 2179 1151 2225 praesertim
1193 2186 1334 2215 autem.

127 2244 408 2285 Platerum
462 2250 525 2299 (n.
569 2252 705 2301 105),
761 2248 1039 2290 clericum
1098 2255 1162 2305 (n.
1197 2255 1334 2306 150·),

127 2319 404 2375 Andryum
451 2325 514 2375 (n.
543 2328 743 2377 58-45.>,
796 2325 1223 2368 Vallisnierium
1269 2333 1331 2384 (11.

127 2395 180 2447 46
209 2406 249 2442 et
275 2399 387 2448 43),
423 2412 629 2441 necnon
665 2401 998 2442 Pallassium
1036 2406 1098 2456 (n.
1127 2406 1202 2456 62,
1232 2407 1332 2460 63.)ο

78 2487 98 2511 ῳ
126 2472 287 2518 ιΟηπιιεε
319 2473 501 2530 denique
528 2480 756 2530 scriptores
787 2479 841 2519 de
871 2479 1031 2521 morbis
1059 2485 1333 2534 verminosis,
