1801 3066
1263 185 1342 227 525

74 294 228 322 =easum
255 280 397 322 retulit
424 283 546 334 pueri
574 278 768 329 triennis,
809 283 922 332 cujus
949 286 1074 322 urina
1100 287 1225 325 missa
1251 286 1341 338 pel-

81 357 222 398 lucida
250 355 497 405 naturalem,
526 370 625 394 mox
653 367 792 395 autem
821 368 979 397 mutata
1009 360 1122 411 opali
1148 361 1340 402 colorem

83 434 249 484 obtulit,
281 444 321 474 et
350 432 440 472 alba
468 431 578 470 facta
605 432 869 482 vermiculis,
899 447 1005 486 quos
1034 447 1179 486 vocat,
1217 441 1337 478 innu-

79 516 205 551 meris
247 522 286 551 et
325 510 500 548 minimis
529 508 723 547 scatebat.
790 509 878 546 Hos
908 514 1183 562 generatione
1210 528 1337 565 spon—

80 596 204 627 tanea
232 591 276 625 in
302 587 406 625 lotio
437 596 553 623 ortos
584 599 673 623 esse
711 586 968 636 suspicatur,
1015 599 1154 638 neque
1184 588 1336 628 descri-

77 668 226 717 ptione
248 671 400 712 autem,
417 676 556 714 neque
575 664 698 699 icone
728 661 886 709 addita,
916 663 969 700 de
992 663 1137 700 iisdem
1159 664 1337 713 judicari

75 742 235 793 nequit.
289 741 355 778 An
381 738 730 791 praecipitatione
760 737 942 788 quadam
970 747 1041 774 aut
1071 738 1335 793 decomposi-

78 820 195 855 tione
222 818 395 864 urinae,
423 817 523 853 aere
554 813 798 861 accedente,
828 812 979 852 oborta
998 812 1234 852 moleculae
1251 817 1335 868 agi·

76 901 188 932 tatae
217 891 264 930 cl.
295 894 384 930 viro
411 904 490 943 pro
519 887 756 928 vermiculis
785 886 950 942 habitae
979 892 1082 937 sint,
1121 903 1173 929 eo
1202 894 1334 944 magis

74 970 341 1022 interrogare
365 967 486 1015 licet,
518 966 636 1018 quod
658 974 846 1002 ramenta
873 967 987 1003 varia
1016 965 1066 1002 ab
1097 969 1232 1019 aegris
1262 968 1334 1005 de·

74 1039 202 1098 jecta,
236 1054 355 1082 motu
383 1044 590 1094 quodam,
640 1051 684 1078 ut
712 1041 804 1078 ficri
832 1040 964 1090 solet,
1007 1042 1213 1092 tremulo,
1260 1041 1333 1083 sed

72 1122 335 1174 fugacissimo
364 1121 578 1167 instructa,
607 1130 687 1168 pro
719 1116 976 1155 animalculis
1007 1118 1171 1156 vendat.
1216 1119 1331 1171 Ejus·

71 1197 190 1235 modi
217 1207 319 1234 vero
348 1207 414 1232 res
442 1193 615 1230 medicis
642 1194 838 1243 practicis
868 1206 995 1244 saepe
1023 1195 1277 1245 imposuere.

151 1283 187 1323 7.
223 1272 382 1309 Larvae
409 1271 453 1306 in
481 1270 611 1320 sputis
650 1267 800 1306 obviae
837 1264 962 1317 (Bibl.
989 1279 1121 1307 nostr.
1148 1283 1190 1309 n.
1217 1275 1329 1324 470.)

70 1347 220 1387 itidem
259 1358 349 1384 non
384 1347 464 1384 nisi
495 1347 746 1383 extrinsecus
775 1346 817 1381 in
849 1343 998 1383 eadem
1024 1347 1213 1397 irruere,
1249 1362 1329 1388 nec

69 1428 117 1462 in
143 1418 312 1461 trachea
346 1419 415 1460 vel
439 1420 712 1473 pulmonibus
754 1418 942 1459 exclusae
971 1431 1090 1470 sunt,
1126 1410 1328 1475 quorsum

69 1502 137 1539 via
163 1499 314 1537 iisdem
344 1510 432 1535 non
458 1507 586 1548 patet.
647 1496 697 1535 In
726 1506 846 1547 sputa
876 1506 1040 1545 autem,
1076 1504 1326 1552 praeprimis

66 1575 251 1623 foetida,
279 1586 514 1613 muscarum
537 1586 617 1612 ova
646 1573 829 1624 deponi,
856 1575 1011 1611 inlrum
1038 1587 1127 1613 non
1156 1587 1230 1624 est,
1260 1591 1327 1616 ea-

67 1652 165 1691 dem
195 1652 306 1689 enim
315 1678 331 1698 ,
372 1648 496 1688 rebus
526 1649 613 1688 aliis
655 1648 970 1698 deficientibus,
1014 1649 1190 1689 floribus
1218 1665 1326 1693 non-

63 1740 281 1780 nunquam
322 1725 601 1772 foetentibus,
644 1739 746 1766 v..c.
777 1725 986 1777 Stapeliae
1027 1729 1324 1782 immittuntur,

63 1806 156 1855 ipse
199 1801 298 1840 talia
333 1802 378 1838 in
416 1798 688 1855 Nymphaeae
729 1800 870 1840 luteae
909 1801 1086 1840 floribus
1122 1797 1323 1856 ¹deposita

62 1879 162 1918 vidi.

143 1955 188 1992 B.
244 1953 295 1993 V
290 1956 358 1993 ica
400 1951 611 1992 larvarum
656 1963 697 1992 et
741 1957 997 1993 insectorum
1038 1956 1320 2008 plurimorum

64 2032 326 2070 tenacissima
353 2039 424 2068 est.
481 2030 741 2083 Coleoptera
770 2030 924 2070 acubus
952 2032 1146 2083 perfossa
1171 2033 1316 2086 plures

63 2120 143 2158 per
177 2107 426 2157 septimanas
462 2108 589 2145 vitam
627 2106 794 2146 trahere
821 2110 1106 2157 notissimum,
1152 2121 1193 2156 et
1225 2114 1317 2163 ips-e

62 2180 364 2221 Curculionem
387 2181 587 2221 sulcatum
608 2182 708 2230 vidi,
739 2185 854 2234 cujus
886 2182 1118 2240 elytrorum
1146 2199 1244 2238 pars
1275 2199 1316 2228 et

60 2258 203 2296 omnia
229 2257 318 2296 fere
347 2255 579 2297 abdominis
609 2270 807 2299 contenta
835 2274 956 2299 exesa
986 2271 1125 2310 erant,
1155 2265 1227 2315 qui
1255 2273 1314 2302 ta-

58 2346 179 2382 men,
206 2332 519 2373 formicis‘licet
547 2334 707 2374 duabus
738 2350 885 2375 cavum
912 2336 1147 2376 abdominis
1177 2337 1312 2379 adhue

58 2406 383 2460 occupantibus,
429 2408 554 2449 solito
598 2411 732 2450 modo
770 2411 1074 2452 obambularet.
1149 2410 1311 2467 Larvae

57 2496 295 2523 muscarum
330 2482 534 2535 plurimae
566 2488 613 2527 in
640 2487 895 2541 quisquiliis,
932 2498 1140 2538 stercore,
1186 2491 1310 2531 cada-
