1801 3066
1210 175 1288 227 569

29 283 270 326 carnivora,
298 264 376 318 vel·
391 274 648 330 phytiphaga
670 287 759 314 non
785 288 935 326 posse,
974 281 1074 331 quin
1100 269 1288 320 diversos

25 358 196 396 soveant
222 367 400 400 vermes,
429 361 560 404 urget.
616 351 733 391 Haec
762 351 933 404 quidem
958 356 1178 394 universim
1195 372 1288 409 spe-

27 442 138 473 ctata
165 445 264 471 vera
291 437 407 476 sunt,
435 429 535 466 inde
565 438 703 466 autem
735 426 973 465 animalium
997 428 1287 474 distinctorum

27 521 186 549 vermes
206 517 379 559 quoque
409 505 645 556 discrepare
666 506 838 541 minime
855 503 1052 551 eflicitur,
1082 499 1156 544 sed
1179 522 1284 559 quos

25 580 132 624 notis
161 582 356 622 omnibus
386 583 611 619 convenire
639 580 776 627 video,
817 580 870 617 ad
900 581 1075 618 eandem
1104 588 1285 633 speciem

27 659 253 698 amandare
282 671 434 711 cogor,
471 659 504 695 si
534 669 649 694 secus
678 658 787 693 enim
817 668 996 708 agerem,
1027 656 1198 698 historia
1212 674 1287 699 na-

25 735 168 774 turalis
197 743 348 773 rueret.
402 732 620 769 Vermium
649 734 916 770 erraticorum
935 734 1121 784 exempla
1143 737 1187 773 in
1208 737 1286 776 Ca..

23 815 113 864 pite
140 809 419 863 praecedente
448 807 581 845 obtuli
602 810 779 846 maxime
801 808 1112 857 memorabilia,
1141 811 1286 853 Stron-

24 887 168 942 gylum
196 887 392 925 nimirum
419 886 657 937 giganteum
684 885 728 921 in
754 884 946 932 renibus,
985 887 1091 924 circa
1119 888 1286 938 pulmo·

24 977 122 1011 nes,
150 966 194 1002 in
221 961 375 1013 hepate
409 970 489 999 ete.
520 959 737 1004 obvenire;
781 961 962 997 eundem
989 973 1121 1012 porro
1151 963 1286 1003 homi-

24 1043 110 1087 nis,
140 1041 265 1087 canis,
294 1038 399 1090 lupi,
427 1036 614 1088 phocae,
649 1035 808 1082 lutrae,
847 1038 955 1073 tauri
992 1045 1033 1074 et
1063 1041 1161 1090 equi
1188 1039 1286 1080 hos-

24 1118 153 1168 pitem
202 1127 310 1159 esse;
354 1110 623 1164 Strongylum
668 1113 767 1162 equi
806 1121 1010 1149 armatum
1055 1116 1099 1152 in
1139 1129 1284 1166 coec0‚

27 1191 200 1244 aliisque
228 1190 318 1229 tubi
345 1187 589 1227 intestinalis
618 1186 830 1238 partibus,
855 1189 899 1224 in
928 1189 1056 1227 ductu
1083 1204 1286 1242 pancrea-

23 1270 122 1314 ticO,
150 1269 195 1303 in
223 1263 579 1316 aneurysmatibus
609 1275 852 1308 occurrere3
893 1264 1174 1317 Cysticercum
1205 1270 1286 1308 cei-

24 1341 188 1380 lulosae
217 1340 416 1385 hominis,
451 1341 596 1376 simiae
633 1348 673 1376 et
700 1341 782 1375 suis
811 1338 1000 1389 plurimis
1028 1342 1072 1379 in
1098 1345 1286 1393 partibus

27 1419 227 1464 inveniri,
257 1425 298 1454 et
326 1428 434 1468 quae
463 1414 506 1450 id
536 1427 664 1467 genus
695 1422 790 1451 sunt
820 1413 913 1454 alia,
970 1415 1111 1454 Homo
1142 1433 1165 1457 a
1192 1421 1288 1459 reli-

27 1495 120 1545 quis
152 1493 290 1531 bestiis
318 1491 544 1542 plurimum
569 1488 711 1535 distat,
741 1490 982 1528 Ascari-lem
1015 1502 1152 1532 tamen
1179 1495 1287 1535 lum-

27 1568 260 1606 bricoidcm
292 1580 387 1604 cum
427 1578 563 1615 equo,
603 1562 734 1610 bove,
772 1577 863 1608 ειη-ς
904 1566 1288 1619 Trichocephalum

27 1657 122 1683 cum
151 1645 293 1689 simia;
349 1640 620 1694 Strongylum
668 1641 907 1692 giganteum
947 1654 1040 1679 cum
1078 1644 1288 1694 plurimis;

24 1719 218 1757 Distoma
246 1717 488 1769 hep-aticum
515 1716 664 1754 itidem
699 1730 794 1753 cum
815 1716 972 1762 multis;
1004 1703 1287 1772 Cysticercum

27 1795 250 1834 celiulosae
278 1778 372 1832 cum
402 1796 518 1831 simia
547 1801 587 1831 et
614 1806 688 1830 sue
716 1795 956 1831 communia
984 1793 1121 1833 habet.
1183 1797 1288 1836 Fila.

25 1873 87 1909 ria
115 1883 246 1922 porro
275 1869 454 1906 hominis
493 1879 532 1906 et
568 1871 710 1906 simiae
738 1868 966 1919 plurimum
998 1873 1213 1919 convenit,
1242 1875 1288 1911 ni

29 1947 175 1985 eadem
207 1955 287 1992 est,
333 1955 372 1983 et
412 1943 770 1995 Tricliocephalus
807 1943 1012 1982 humanus
1051 1945 1207 1985 bovillo
1246 1959 1288 1987 et

12 2022 154 2064 ,ovillo
200 2021 430 2060 simillimus
478 2022 744 2071 conspicitur.
825 2021 1064 2059 Ascaridem
1112 2025 1286 2075 quidem

31 2098 148 2150 quod
177 2101 320 2135 attinet
345 2096 668 2134 lumbricoidem
708 2096 1029 2135 Schrankius
1058 2096 1286 2138 humanam

31 2172 82 2210 ab
112 2176 305 2225 equinam
336 2186 470 2225 aeque
497 2173 656 2219 saltem,
687 2186 734 2210 ac
750 2171 1080 2212 Chalcedonium
1105 2175 1155 2212 ab
1174 2176 1287 2228 Ope-

30 2250 89 2297 lo,
121 2249 357 2300 discrepare
385 2249 613 2296 contendit,
642 2249 715 2287 sed
732 2250 848 2302 regni
876 2250 1082 2288 Juineralis
1106 2264 1288 2303 corpora

29 2327 209 2377 partium
238 2327 576 2363 constituentium
604 2327 767 2363 ratione
793 2322 1053 2377 potissimum
1082 2327 1286 2375 distincta,

32 2415 127 2438 cum
157 2400 400 2439 animalibus
429 2404 564 2439 minus
594 2400 703 2439 bene
732 2411 1041 2452 comparantur,
1069 2415 1148 2440 nec
1173 2413 1287 2443 certe

34 2475 343 2514 Chalcedonius
373 2485 414 2514 et
442 2477 598 2527 Opalus
628 2491 650 2515 a
678 2477 818 2530 Vulgo
848 2480 1027 2529 separati
1052 2478 1217 2528 forent,
1254 2482 1288 2520 si

757 2553 827 2590 Aa
