1801 3066
1278 165 1352 206 155

133 279 235 308 men
261 265 330 306 vel
362 265 619 318 experientia
646 250 715 300 vel
745 270 786 300 et
813 261 937 300 simul
964 264 1120 315 judicio
1151 266 1353 315 destituti,

142 354 457 382 antecessorum
499 338 815 376 observationes
847 337 1162 392 qualescunque
1193 341 1355 381 creduli

135 419 470 459 cumulavean
516 424 708 453 auctores
739 413 844 452 boni
873 412 927 450 de
954 411 1112 452 morbis
1141 420 1354 456 vermino-

137 498 190 536 sis
218 493 467 544 paucissimi*
490 489 653 528 dantur.
711 490 797 541 Qui
823 488 1082 539 uberiorem,
1112 504 1237 541 quam
1261 496 1353 544 ipse

136 569 352 615 dederim,
383 570 644 618 scriptorium>
667 563 905 618 catalogum
933 563 1056 614 velit,
1094 565 1354 619 farraginem

136 645 261 683 adeat
308 656 332 680 a
368 643 440 680 J0.
481 640 794 681 Schenckio
834 640 979 692 (Obss.
1007 642 1118 680 med.
1159 642 1353 682 Francof.

134 722 185 760 T.
220 734 255 768 1,
291 733 326 757 2.
361 720 470 757 1600.
500 724 536 763 S.
566 717 614 768 ’ἢ
656 727 698 755 et
725 716 1080 771 Ploucqueto
1118 718 1355 769 collectam,

135 797 384 849 paucissima
415 803 556 832 autem
584 791 698 831 lectu
728 793 856 846 digna
887 807 978 832 esse
1007 797 1119 842 sciat.

28 872 32 876 “
82 877 175 925 549.
212 873 361 922 Bapt.
407 871 478 908 Co
497 868 781 908 dronchus
822 869 875 907 de
913 870 1071 908 morbis
1111 885 1222 911 anno
1257 873 1356 911 1602

137 947 298 987 Imolae
326 948 509 999 vagatis,
541 947 731 996 inprimis
763 945 816 983 de
841 945 1077 986 Lumbricis
1106 947 1224 987 liber.
1274 948 1358 988 Bo-

136 1036 237 1064 non.
276 1023 384 1062 1605.
414 1027 450 1071 4.
479 1020 766 1060 Boehmer.

82 1101 173 1142 550.
222 1097 336 1138 Chr.
383 1098 460 1135 Fr.
513 1098 671 1135 Garm
687 1100 813 1136 anni
856 1097 955 1138 Obs.
998 1100 1052 1138 de
1090 1098 1270 1138 horrore
1309 1114 1359 1140 ex

135 1174 360 1214 vermibus,
428 1174 497 1213 In:
545 1172 651 1226 Eph.
689 1175 783 1212 Nat.
824 1176 922 1214 Cur.
961 1176 1065 1214 Dec.
1110 1191 1141 1214 1.
1180 1178 1289 1215 Ann.
1325 1191 1356 1214 1.

138 1265 179 1305 p.
204 1265 291 1290 211.
315 1251 340 1275 '⁸
393 1251 469 1288 Vir
498 1251 673 1303 quidam
706 1251 779 1289 diu
805 1261 1021 1304 noctuque
1048 1250 1233 1291 horrore
1264 1267 1358 1291 cru-

138 1327 328 1366 ciabatur
365 1325 646 1374 intolerabili,
697 1329 769 1377 qui
803 1318 1018 1365 lumbrieis
1059 1328 1237 1379 expulsis
1267 1339 1358 1368 tan-

141 1403 241 1441 dem
270 1403 455 1439 cessavit.
925 1398 928 1399 ⁷

73 1482 176 1524 „551-
218 1479 412 1528 Georg.
463 1476 783 1514 Hannaeus:
829 1490 852 1514 e
890 1477 1101 1517 vermibus
1147 1492 1276 1519 coeca
1318 1491 1360 1519 et

139 1561 259 1591 muta
285 1552 488 1590 restituta.
519 1550 575 1589 ib.
605 1551 708 1588 Dec.
739 1564 773 1588 2.
801 1552 910 1593 Ann.
940 1561 977 1599 5.
1006 1567 1046 1603 p.
1069 1556 1156 1602 3536.
1175 1555 1200 1579 *
1245 1557 1359 1596 Num

139 1639 304 1666 vermes
350 1639 523 1665 coecam
566 1636 607 1665 et
646 1635 806 1665 mutarn
847 1628 1139 1679 reddiderint,
1184 1630 1359 1670 dubium

139 1703 320 1754 videtur.

87 1781 178 1825 552.
217 1780 326 1818 Diss.
358 1778 411 1817 de
442 1777 647 1830 epilepsia
676 1782 930 1828 verminosa,
968 1781 1106 1821 Praes.
1146 1783 1218 1821 J0.
1256 1784 1359 1823 Va-

141 1855 325 1895 lentin
354 1852 564 1903 Scheid,
594 1870 705 1907 resp.
725 1858 799 1895 J0.
821 1858 1026 1896 Martin
1044 1858 1260 1898 Aulber.
1280 1859 1359 1899 ΑΥ·-

142 1942 256 1987 gent.
290 1940 401 1984 2705.
429 1931 487 1982 pl.
520 1939 566 1987 ¹3
593 1932 829 1972 Heffter.

88 2010 178 2056 555.
207 2010 433 2046 Francis
448 2023 480 2047 c.
509 2009 573 2048 de
594 2009 823 2063 Zi‘egler
847 2010 901 2049 de
921 2009 1117 2063 Aphonia
1135 2013 1360 2063 periodica

143 2100 167 2126 e
194 2083 406 2124 vermibus
437 2095 542 2124 orta.
587 2085 710 2125 Basil.
743 2087 853 2137 17‘24.
882 2085 938 2138 pl.
968 2094 1006 2133 5.
1037 2087 1274 2146 Heffter.

92 2160 180 2212 554.
196 2160 399 2201 a.Mich.
414 2161 514 2201 Alb
530 2176 552 2201 e
571 2164 662 2211 rti,
681 2163 927 2216 resp.Dav.
946 2164 1154 2218 Sigism.
1171 2166 1358 2215 Weist,

144 2239 252 2278 Diss.
289 2239 343 2278 de
378 2238 540 2278 morbis
571 2252 621 2277 ex
651 2238 873 2278 vermibus.
903 2239 998 2279 Hal.
1031 2246 1141 2292 1725.
1170 2245 1208 2291 4.
1235 2241 1292 2294 pl.
1322 2256 1360 2282 2.

145 2309 384 2354 Heffter.
416 2315 659 2355 Modeer.

94 2394 184 2441 553.
213 2388 251 2427 b.
288 2390 394 2430 Diss.
434 2392 489 2438 de
516 2392 840 2433 Verminatione
880 2391 1035 2433 affectu.
1062 2395 1360 2433 intestinorum
