1801 3066
456 178 536 230 598

457 281 596 320 matis
631 278 818 332 ejusdem
853 278 976 329 piscis
1010 276 1298 331 polymorplul
1335 278 1459 318 ovula
1496 294 1588 319 cum
1626 295 1718 321 san-

457 360 586 412 guine
600 386 613 406 ,
654 369 703 394 ex
728 343 976 394 =vulnusculo
990 381 1003 399 ,
1045 353 1178 406 digito
1208 367 1305 392 meo
1336 353 1524 404 inflicto,
1570 371 1718 405 recen-

457 446 521 473 ter
550 443 592 472 et
618 435 662 471 in
684 432 859 470 eandem
890 431 1160 480 microscopii
1187 429 1387 481 patellam
1409 433 1577 482 emisso,
1606 447 1719 472 com-

454 511 611 563 paravi.
692 508 914 560 Sanguinis
963 507 1047 543 mei
1085 505 1247 558 globuli
1293 520 1433 559 prope
1481 508 1611 559 ovula*
1645 509 1721 549 illa

453 589 631 626 maxime
659 583 811 636 pusilla
840 596 1100 634 apparuere,
1142 580 1241 619 licet
1268 596 1430 622 vermes
1458 587 1602 638 magni
1628 593 1719 624 non

455 666 562 711 sint,
611 672 651 699 et
689 660 897 698 Ascaridis
937 659 1073 696 dictae
1113 657 1286 696 ovulum
1326 661 1537 712 sanguinis
1567 658 1719 713 globu-

454 739 542 779 lum
572 739 710 776 decies
740 745 786 773 ut
813 733 904 772 fere
931 736 1056 773 vicies
1086 734 1294 772 diametro
1324 744 1518 786 superat,
1550 737 1585 774 si
1612 734 1718 774 hanc

454 829 557 855 vero
590 813 644 851 ad
685 814 811 850 totius
852 810 966 849 ovuii
1002 809 1203 849 volumen
1230 809 1389 858 refers,
1431 810 1475 848 id
1504 813 1715 866 sanguinis

455 890 630 947 globulo
662 889 800 926 decies
828 885 978 924 millies
1006 888 1135 937 majus
1167 888 1257 924 erit.
1313 885 1480 925 Videsis
1511 882 1635 941 ergoj
1661 902 1716 927 ne

455 964 709 1023 hypothesin
737 963 983 1014 recipiendo
1015 962 1175 1001 absona
1203 962 1415 1011 cumules,
1458 973 1574 1002 tanta
1605 965 1717 1002 enim

458 1044 583 1084 ovuia
610 1053 707 1081 vasa
734 1047 1020 1079 transcurrere
1046 1052 1137 1078 non
1162 1050 1363 1090 possunt,
1393 1053 1501 1092 quae
1528 1039 1716 1091 partibus

455 1118 692 1160 nutriendis
721 1118 984 1164 inserviunt,
1015 1129 1094 1154 nec
1123 1117 1333 1168 sanguinis
1364 1116 1538 1168 quidem
1568 1116 1717 1169 globu-

457 1196 520 1235 los
551 1194 787 1233 admittunt.
1651 1180 1664 1188 ²

533 1269 598 1309 Ab
639 1268 770 1306 altera
819 1276 959 1304 autem
999 1275 1144 1318 parte,
1201 1268 1234 1303 si
1274 1264 1399 1304 ovula
1438 1265 1630 1305 omnibus
1670 1281 1717 1306 ex

455 1346 642 1400 partibus
689 1355 887 1382 vasorum
938 1340 1253 1380 absorbentium
1299 1350 1340 1378 et
1379 1342 1718 1394 sanguiferorum

458 1438 542 1476 ope
572 1422 627 1461 ad
656 1430 825 1459 uterum
855 1428 896 1457 et
925 1420 1114 1457 ovarium
1143 1417 1410 1467 deferantur,
1447 1421 1587 1457 omnia
1617 1431 1719 1459 ovu-

453 1500 502 1538 lis
542 1507 702 1538 scatere
741 1495 1038 1535 assumendum
1075 1494 1211 1538 foret,
1262 1493 1417 1533 horum
1447 1496 1559 1534 enim
1586 1494 1718 1546 pluri-

454 1590 522 1618 ma
551 1583 666 1613 certe
703 1575 914 1624 perirent,
953 1570 1022 1609 vel
1052 1570 1106 1609 ad
1130 1581 1271 1622 partes
1301 1569 1456 1609 alienas
1498 1570 1717 1608 deferren-

454 1663 545 1700 tur,
586 1659 628 1688 et
654 1650 902 1700 paucissima
936 1656 1098 1684 tantum
1135 1645 1233 1684 loco
1280 1645 1489 1685 destinato
1529 1644 1716 1697 appelle-

452 1737 610 1767 rentur.
694 1725 918 1777 Quantane
955 1732 1096 1761 autem
1136 1736 1294 1774 quaeso
1332 1721 1449 1760 labes
1495 1736 1543 1760 ex
1583 1722 1716 1761 ovulis

455 1817 550 1844 cum
586 1803 789 1854 sanguine
835 1798 1008 1852 aliisque
1046 1797 1291 1837 humoribus
1330 1799 1590 1837 circumactis
1635 1801 1717 1837 ori-

454 1889 584 1920 retur.
650 1877 735 1915 Sed
775 1875 828 1914 ob
858 1875 1123 1914 vasculorum
1152 1876 1425 1912 minimorum
1454 1873 1614 1913 lumina
1647 1889 1716 1914 ea-

454 1958 552 1995 dem
579 1967 667 1992 non
692 1955 900 2004 capientia
926 1965 1145 2004 nunquam
1173 1958 1285 1989 certe
1314 1951 1606 2002 admittuntur,
1633 1965 1715 1990 nec

452 2035 496 2070 in
533 2032 736 2083 sanguine
775 2029 986 2080 ejusmodi
1028 2029 1132 2081 quid
1180 2025 1256 2066 sub
1295 2029 1576 2080 microscopio
1615 2041 1714 2066 con-

454 2094 638 2160 spicitur.¹

531 2184 719 2234 Argum.
749 2179 817 2220 III.
871 2180 1017 2219 Ovnla
1036 2189 1190 2234 ‘aeque
1211 2193 1374 2233 parum
1402 2193 1457 2217 ex
1485 2189 1612 2217 utero
1641 2179 1716 2216 vel

614 2259 744 2297 evulo
774 2258 821 2295 z‘tz
836 2259 991 2309 foebus
1020 2256 1232 2295 distribui
1253 2263 1446 2310 possunt.

536 2338 720 2384 Omnes,
749 2347 851 2386 quas
879 2335 924 2370 in
950 2331 1302 2384 praecedentibus
1332 2331 1606 2372 animadverti
1634 2331 1712 2370 dif-

451 2414 654 2452 ficultates
684 2410 791 2449 hanc
821 2412 929 2448 circa
956 2424 1046 2448 rem
1076 2418 1293 2464 augentur.
1367 2410 1449 2447 Fac
1479 2411 1590 2448 enim
1616 2421 1712 2448 verv

450 2493 581 2529 mium
611 2487 735 2528 ovula
762 2490 805 2526 in
833 2486 1063 2541 embryone
1092 2486 1269 2525 collecta
1299 2500 1411 2536 esse,
1440 2485 1709 2525 modusicer-
