1801 3066
1260 150 1312 190 29

149 249 245 287 niae
274 246 326 298 (T
329 242 648 296 ricuspidariae)
663 240 710 277 in
727 237 842 289 lucii,
870 236 1062 278 lumbrici
1082 242 1124 281 in
1144 240 1310 282 alburni

151 322 329 375 hepate,
357 321 446 359 illas
477 332 526 357 ex
554 315 616 354 his
644 318 774 354 nasci.

44 408 109 449 55.
139 402 323 440 Histoire
363 391 570 434 naturelle
608 386 807 445 generale
838 399 880 428 et
906 389 1179 442 particuliere
1210 408 1310 434 avec

97 476 139 515 la
168 474 423 525 description
452 469 510 507 du
538 467 719 507 Cabinet
747 467 805 505 du
832 466 928 505 Roi.
982 467 1095 506 Paris
1122 473 1162 519 4,
1196 477 1307 522 1750,

99 563 140 592 et
181 563 294 603 sequ.

177 625 337 665 Versio
379 623 671 675 germanica:
723 618 989 674 Assgeineine
1015 619 1312 660 Historie-der

96 704 231 742 Natur
279 697 386 739 nach
425 698 535 737 allen
573 696 696 735 ihren
732 695 978 735 besondem
1019 695 1200 737 Theilen
1241 698 1312 736 ab-

97 776 345 834 gehandelt;
393 774 516 814 nebst
556 777 674 812 einer
703 772 1021 828 Beschreibung
1060 773 1138 812 der
1175 777 1314 814 Natu-

98 853 423 894 ralienkammer
455 852 526 891 des
552 852 713 903 Konigs
744 864 832 888 von
861 849 1133 889 Frankreich.
1182 851 1312 890 Ham-

96 929 203 983 burg
229 930 318 967 und
345 931 518 981 Leipzig
552 941 568 964 1
586 933 654 971 -8·
690 924 826 964 Theil.
859 930 1112 977 1750—1772.
1139 932 1178 977 4.
1201 928 1228 952 ⁴³

173 1004 463 1044 Mammalium
517 1002 792 1054 descriptioni
841 1016 865 1040 a
897 992 1188 1041 *Buffonio
1237 1004 1312 1042 ob-

93 1081 204 1121 latae
239 1081 659 1120 Daubentonius
691 1089 919 1117 anatomen
949 1079 1121 1131 adjecit,
1168 1083 1241 1133 qui
1270 1091 1309 1119 et

94 1159 363 1211 quorundam
391 1170 554 1195 vermes
593 1158 749 1207 passim
776 1155 919 1193 reFert.

42 1238 104 1284 54.
133 1235 198 1272 An
239 1236 430 1272 Account
473 1233 521 1272 of
556 1233 726 1271 Worms
764 1233 808 1270 in
850 1230 1017 1270 Animal
1057 1233 1211 1272 Bodies
1253 1233 1311 1289 by

92 1310 267 1349 Frank
302 1306 558 1347 Nicholls.
623 1307 671 1347 In
707 1309 874 1346 Plzilos.
921 1309 1151 1347 Transacc.
1198 1316 1310 1360 1755.

95 1399 138 1438 p,
169 1386 381 1435 246-243.
412 1368 439 1407 ’ἑ
500 1384 568 1420 De
594 1382 766 1420 bremae
793 1382 945 1435 ligula:
992 1385 1045 1421 de
1071 1385 1311 1423 Distomate

97 1459 390 1513 hepaticorum
430 1457 563 1511 figura
592 1458 709 1501 rudi;
769 1457 822 1495 de
865 1457 1076 1496 vermibus
1112 1461 1310 1499 tentubus

96 1547 139 1575 et
175 1533 488 1586 bipoilicaribus
526 1535 570 1570 in
608 1531 837 1571 vitulorum
872 1536 1121 1583 praesertim
1152 1548 1312 1574 annuo-

94 1625 189 1651 rum
229 1612 380 1648 arteria
421 1621 594 1659 aspera,
645 1610 934 1658 copiosissime
977 1609 1310 1661 occurrentibus,

95 1701 256 1740 eosque
290 1687 389 1724 tussi
419 1682 774 1722 consumentibus.

42 1769 109 1809 55.
135 1765 373 1802 Tentamen
402 1759 737 1814 Herpetologiae
767 1768 875 1802 auct.
905 1759 1005 1798 Jac.
1036 1758 1311 1802 Theodon

95 1839 270 1879 Klein.
338 1839 446 1876 Cum
483 1846 695 1889 perpetuo
739 1840 1059 1877 commentario.
1124 1838 1312 1877 Accessit

96 1916 131 1954 J.
158 1916 206 1954 A.
237 1913 440 1952 Unzeri
476 1912 716 1952 observatio
757 1913 810 1951 de
840 1914 1010 1951 Taeniis
1046 1912 1178 1952 iatine
1210 1915 1311 1954 red·

95 1991 196 2038 dita,
226 2004 322 2028 curn
352 1989 488 2029 dubiis
520 1993 630 2029 circa
663 1989 857 2028 eandem.
895 1990 1019 2028 Leid.
1049 2000 1091 2028 et
1114 1991 1310 2045 Gotting-

98 2073 212 2117 1755.
250 2077 314 2118 72.
343 2078 385 2119 p.
414 2071 453 2117 4.
482 2065 594 2105 tabb.
625 2081 659 2104 2.
691 2066 717 2091 ’Κ
760 2067 826 2104 De
854 2064 1065 2105 vermibus
1094 2068 1312 2107 intestina-

94 2142 202 2183 libus
242 2157 287 2196 p.
317 2142 472 2188 53-65.
521 2146 672 2196 egitur.
729 2142 980 2198 Strongylus
1017 2143 1146 2197 Gigas
1184 2143 1309 2182 nobis

98 2218 232 2258 dictus
261 2222 332 2270 (ex
358 2218 450 2271 lupi
476 2219 675 2268 renibus)
703 2233 783 2271 pro
813 2219 1022 2258 lumbrico
1053 2219 1310 2258 describitur

99 2305 141 2334 et
171 2295 306 2334 obiter
335 2296 536 2335 dissectus
563 2298 606 2333 in
629 2295 778 2334 tabulis
798 2297 1066 2350 depingitur,
1113 2296 1308 2336 iconibus

97 2371 142 2410 in
175 2370 339 2408 Plcilos.
380 2373 600 2410 Trans-acc.
642 2372 770 2425 (Bibl.
809 2383 941 2412 nostr.
977 2385 1019 2410 n.
1048 2375 1161 2425 272.)
1200 2373 1308 2412 datis

97 2445 344 2486 rudioribus
388 2456 429 2485 et
468 2449 580 2499 justo
619 2448 850 2488 minoribus
890 2448 1082 2488 redditis.
1153 2451 1309 2490 Cetera
