1801 3066
1285 142 1336 170 XI

0 244 10 248 ’
74 241 238 289 obiter
278 255 474 291 tantum
520 239 803 289 eorundem
840 239 1155 286 mentionem
1197 241 1330 289 sece-·

74 343 184 389 rint.
253 345 386 389 Huic
419 337 657 387 standum
694 350 816 397 erat,
863 355 931 386 ne
968 355 1144 385 omnes
1178 338 1334 386 libros

71 441 153 489 vel
186 441 474 488 medicinae
509 440 770 502 practicae
803 437 884 485 vel
917 437 1158 484 historiae
1194 452 1335 485 natu-

70 539 162 586 rali
198 538 407 597 dicatos,
445 540 801 601 tritissimaque
834 539 1019 600 passim
1056 536 1121 583 de
1155 539 1335 583 vermi-

71 637 163 685 bus
188 636 481 696 referentes,
521 635 888 695 enumerando,
923 635 1174 683 lectorum
1201 635 1334 683 fasti-

75 737 158 784 dia
192 753 468 787 moverem,
536 736 768 784 Eandem
804 739 958 783 etiam
1001 735 1068 783 ob
1107 752 1335 788 caussam

72 840 375 901 scriptorum
412 835 475 882 de
497 835 948 883 antihelminthicis
975 836 1231 882 editorum
1256 852 1335 883 ca—

71 935 316 1000 talogum,
356 953 510 1003 quem
545 936 746 984 tradere
780 935 906 983 mihi
947 952 1333 1001 proposueram,

71 1034 281 1095 rescidi,
325 1036 631 1102 illorumque
674 1053 842 1101 pauca
883 1034 1241 1083 tantummodo
1282 1037 1336 1080 in

71 1137 194 1200 Cap.
230 1138 368 1183 XXI.
407 1135 563 1183 attuli.

199 1235 380 1283 Libros
415 1239 468 1282 in
486 1233 808 1282 Bibliotheca
831 1246 1167 1292 enumeratos,
1208 1248 1336 1298 quos

74 1336 182 1399 ipse
216 1334 318 1399 legi
354 1348 403 1381 et
438 1334 729 1397 dijudicavi,
767 1322 1007 1380 asterisco
1042 1333 1214 1378 notavi
1225 1350 1237 1389 3
1282 1333 1338 1377 in

68 1432 277 1496 reliquis
310 1448 433 1480 vero
468 1431 614 1495 hujus
652 1444 702 1477 et
726 1426 1042 1495 insequentis
1066 1430 1334 1477 voluminis

67 1529 308 1595 partibus,
346 1546 478 1595 quae
511 1529 718 1576 laudavi
750 1528 882 1588 loca,
919 1544 1200 1592 nunquam,
1238 1531 1332 1575 nisi

69 1632 176 1694 ipse
211 1627 314 1675 hoc
355 1645 596 1689 asseram,
649 1627 711 1674 ab
766 1625 873 1674 aliis
925 1637 1152 1672 mutuata
1203 1640 1332 1675 sunt.

70 1730 187 1775 Hoc
221 1729 509 1778 meminisse
544 1744 652 1774 non
685 1725 995 1791 superfluum
1033 1725 1168 1784 duxi,
1215 1742 1333 1785 nam

77 1839 308 1875 auctores
342 1826 546 1892 plurimi
568 1829 726 1873 ‘nimis
759 1824 936 1874 faciles
962 1838 1092 1884 sunt,
1131 1836 1181 1871 et
1206 1841 1339 1889 quae

72 1930 191 1993 ipsis
228 1928 373 1986 desit,
427 1926 742 1992 diligentiam
789 1925 852 1975 ab
898 1925 1005 1974 aliis
1052 1924 1335 1972 adhibitam

74 2044 182 2076 esse
219 2024 547 2086 confidendo,
585 2025 647 2072 ab
687 2025 1091 2075 antecessoribus
1125 2024 1333 2072 laudata

71 2130 365 2193 saepissime
398 2126 582 2171 incurii
615 2111 866 2190 repetuiit,
901 2138 958 2172 ut
992 2123 1175 2171 eadem
1208 2140 1337 2170 sem-

70 2242 165 2294 per·
197 2225 388 2277 menda
428 2223 595 2270 multis
638 2226 694 2270 in
737 2225 877 2273 libris
922 2235 1220 2282 occurrant,
1283 2235 1333 2270 et

73 2342 356 2389 paucorum
389 2307 585 2372 tantum
619 2327 908 2387 synonymis
946 2322 1170 2371 collectis
1204 2321 1332 2369 fides

60 2423 172 2481 ,hab
180 2424 314 2473 enda
345 2425 419 2473 sit.
