1801 3066
473 157 495 169 '’-

444 164 522 196 250

444 257 714 311 proboscidis
751 255 859 295 basis
901 255 998 296 huic
1038 253 1176 295 adfixa
1220 251 1463 295 antrorsum
1504 267 1726 308 movetur,¹

446 335 622 391 basique
663 344 878 374 contracta
913 334 1079 387 reliqua
1115 331 1386 385 proboscidis
1426 347 1522 386 pars
1563 337 1723 375 sensim?

449 412 690 465 explicatur.
739 411 1008 450 Proboscidis
1038 412 1168 461 ipsius
1200 413 1410 449 actionem
1440 409 1517 449 hac
1546 409 1622 449 sub
1653 424 1731 453 ex-,

447 488 678 541 plicatione
714 490 758 526 in
796 497 1042 548 computum
1080 489 1227 524 venire
1256 487 1504 527 Zederus
1543 486 1722 537 (Natur-

450 564 588 619 gesch.
621 566 697 604 der
726 566 954 618 Eingeww.
983 578 1023 615 p.
1062 564 1159 616 146.)
1188 573 1351 612 monet,
1380 568 1446 604 cui
1476 578 1528 603 eo
1557 562 1720 602 facilius

451 644 674 690 assentiar,
726 656 820 679 cum
864 656 912 679 ex
950 641 1219 693 proboscidis
1257 643 1375 692 apice
1412 654 1722 693 nonnunquam

449 717 548 759 tuba
578 717 902 756 membranacea
932 729 973 756 et
1000 718 1192 769 plicatilis
1214 732 1290 757 suo
1316 720 1470 756 iterum
1490 727 1611 760 motu
1633 727 1724 756 tan-

450 805 537 833 tum
570 794 792 847 dirigenda
823 804 1055 842 exseratur,
1084 798 1281 848 viresque
1303 797 1504 835 motrices
1529 792 1722 846 plurimis

448 870 639 923 partibus
683 871 751 909 vel
791 881 831 909 et
871 871 1129 911 animalculis
1173 873 1296 913 datae
1336 875 1442 920 sint,
1483 873 1529 909 in
1570 870 1722 924 quibus

449 946 650 999 fibrarum
678 961 733 986 ne
762 950 985 1002 vestigium
1025 949 1200 1001 quidem
1231 951 1455 1002 reperitur.
1523 949 1616 987 Nec
1643 946 1721 986 sub

450 1024 717 1076 proboscidis
763 1025 831 1064 vel
884 1028 1122 1064 exsertione
1165 1025 1232 1067 vel
1279 1027 1537 1064 retractione
1584 1034 1744 1065 totum,

455 1107 622 1153 semp‘er
653 1115 778 1155 agere
809 1115 963 1152 corpus
995 1103 1267 1151 crediderim,
1296 1112 1475 1154 uterque
1506 1103 1619 1139 enim
1645 1099 1725 1138 illi-

453 1194 501 1217 us
531 1190 659 1217 status
690 1193 833 1217 verme
863 1189 948 1216 tarn
977 1179 1144 1231 repleto
1177 1190 1218 1218 et
1248 1190 1443 1228 extenso,
1482 1191 1610 1231 quarn
1639 1176 1737 1216 col-·

454 1254 573 1306 lapso
606 1265 647 1293 et
675 1269 834 1308 rugoso
868 1258 1134 1306 conspicuus.

533 1331 583 1369 In
616 1331 942 1382 Tecrarlcy‘nclzo
973 1341 1201 1382 apparatus
1231 1342 1344 1370 certe
1370 1330 1620 1379 simillimus,
1650 1330 1727 1370 sed

455 1406 601 1445 forsan
629 1411 761 1462 magis
794 1407 1084 1459 complicatus,
1114 1407 1291 1456 obtinet,
1323 1422 1432 1457 cum,
1463 1406 1550 1446 Cel.
1580 1408 1725 1446 Bosc.

454 1494 684 1534 monente,
718 1484 996 1536 proboscides
1026 1483 1094 1523 vel
1125 1497 1271 1527 omnes
1300 1483 1368 1523 vel
1396 1483 1581 1538 singulas
1613 1497 1728 1522 exse-

455 1570 520 1597 rat
554 1561 596 1597 et
622 1559 818 1606 retrahat.

535 1638 723 1687 Propriis
765 1646 989 1688 praeterea
1025 1636 1246 1686 musculis,
1295 1639 1367 1689 qui
1411 1634 1729 1674 Tremacodnm

456 1724 587 1763 poros
617 1715 826 1751 suctorios
858 1715 1130 1761 constituunt,
1168 1713 1492 1767 quodammodo
1523 1712 1728 1750 adnume-

457 1791 542 1826 rari
576 1799 774 1840 possent,
822 1789 876 1828 de
915 1789 976 1828 his
1015 1800 1159 1829 tamen
1198 1792 1299 1842 Cap.
1330 1789 1421 1828 XII.
1457 1787 1555 1826 loco
1593 1789 1726 1842 magis

459 1865 687 1904 commodo
720 1866 932 1905 disseram.

500 1929 507 1945 l

932 2008 974 2058 C
1001 2024 1104 2077 ap.
1165 2008 1259 2058 IX.
1299 2040 1303 2045 ·

462 2112 555 2162 De
603 2112 862 2183 partibus
916 2113 1311 2182 Elzstofzoornm
1365 2109 1728 2183 quorundam

626 2215 801 2279 duris,
849 2225 1065 2270 corneis
1095 2231 1148 2270 ec
1165 2218 1560 2288 pungentibus.

520 2325 845 2367 .Entozooruns
855 2331 898 2366 in
918 2343 1076 2382 genere
1099 2328 1294 2367 mollities
1317 2342 1493 2377 summa,
1523 2337 1571 2366 ut
1593 2322 1728 2380 aquae

460 2414 540 2453 per
578 2402 741 2456 aliquot
769 2406 858 2444 dies
888 2407 1092 2452 immissa,
1138 2403 1323 2455 plurima
1379 2402 1599 2453 diffluant,
1644 2403 1726 2454 vel,

464 2478 731 2529 animalibus,
760 2483 804 2518 in
834 2481 983 2534 quibus
1013 2479 1294 2532 hospitantur,
1323 2491 1421 2533 post
1447 2489 1630 2520 mortem
1649 2481 1728 2518 mi-
