1801 3066
1246 147 1323 186 225

60 244 160 282 dem
199 256 326 294 saepe
355 255 432 281 suo
474 243 520 278 in
550 250 740 289 corpore
765 235 1059 278 undulatorios
1091 250 1133 279 et
1161 241 1318 283 dolori-

0 293 2 296 *
57 319 158 358 ficos
188 321 383 357 sentiunt.
442 315 604 354 Taenia
634 312 688 349 ad
717 314 841 350 trium
870 312 1065 352 ulnarum
1092 316 1323 371 longitudi-

56 407 157 434 nem
188 409 237 432 ex
264 394 449 432 mulieris
480 402 561 428 ano
605 388 907 440 propendens,
953 391 998 426 in
1027 403 1146 439 casu,
1193 408 1321 447 quem

56 473 351 510 WVernerus
388 466 435 518 (l.
468 480 500 504 c.
529 480 569 518 p.
599 468 686 518 47.)
725 464 881 514 refert,
929 474 1018 503 tota
1046 465 1139 504 fere
1168 471 1210 506 in
1236 474 1324 522 pri-

58 550 209 588 stinum
239 542 470 595 hospitium
498 542 651 591 rediit,
696 553 795 592 pars
823 541 1098 592 propendens
1126 545 1269 595 itaque
1299 560 1323 584 a

56 622 267 673 superiori
296 632 460 656 sursum
489 619 636 663 ducta;
683 615 839 655 similes
870 619 1044 656 omnino
1076 632 1192 658 casus
1220 620 1325 659 An-

56 697 222 752 dryus
253 694 402 745 habet,
432 704 473 733 et
500 693 555 731 ill.
586 692 768 732 Pallas
799 693 946 744 (Neue
973 694 1108 734 Nord.
1130 695 1340 751 Beytqu·

58 788 90 812 1.
119 787 159 826 p.
191 775 274 824 54.)
305 770 503 809 articulos
533 770 637 808 Solii
665 767 879 823 singulm,
926 771 1047 822 quod
1074 771 1202 811 fidem
1229 774 1325 815 Fere

54 860 250 901 superat,
293 849 501 900 parietem
548 845 603 884 acl
647 844 809 900 aliquot
849 845 1010 897 pedum
1057 846 1324 889 altitudinem

56 925 292 965 ascendisse
320 923 451 970 vidit;
483 923 679 962 Goezii
709 935 882 975 quoque
910 919 989 960 hac
1019 924 1072 962 de
1099 938 1148 963 re
1178 924 1325 966 obser·-

52 1004 243 1042 vationes
275 997 570 1054 (Naturgesch.
600 1013 641 1050 p.
670 999 784 1050 346.)
822 997 1027 1038 conferas.

129 1079 310 1130 Magnus
340 1087 482 1115 tamen
505 1077 550 1114 in
570 1076 740 1115 Taeniis
765 1074 966 1114 fibrarum
987 1077 1213 1128 apparatus
1234 1093 1326 1119 non

53 1153 258 1203 habetur,
296 1152 372 1191 sed
399 1151 646 1190 fibrillarum
686 1160 848 1190 tantum
875 1150 1253 1205 longitudinalium
1283 1167 1327 1197 et

52 1228 397 1269 transversalium
425 1238 568 1277 strata,
598 1241 726 1279 saepe
755 1229 823 1279 (in
839 1228 1073 1268 minoribus
1095 1241 1138 1269 et
1156 1236 1327 1272 tenuio-

53 1306 191 1358 ribus)
221 1305 425 1355 obscura,
462 1304 532 1344 vel
561 1306 628 1355 (in
656 1305 861 1355 minimis)
893 1305 1092 1352 evanida,
1122 1308 1325 1358 articulis,

55 1393 239 1435 quorum
267 1382 351 1418 cuti
378 1381 533 1418 inserta
552 1388 660 1429 sunt,
682 1388 846 1417 motum
863 1381 1110 1431 impertiunt
1137 1384 1326 1438 singulis.

53 1455 207 1495 Fibrae
247 1458 360 1495 enim
396 1453 725 1509 longitudinales
767 1454 819 1492 ab
846 1469 934 1494 uno
965 1457 1018 1495 ad
1049 1457 1230 1499 alterum
1259 1475 1324 1499 are

54 1530 227 1570 ticulum
269 1533 403 1570 rarius
442 1544 523 1568 nec
558 1532 637 1567 nisi
680 1532 802 1569 certis
841 1533 885 1569 in
930 1533 1178 1583 speciebus,
1223 1549 1259 1574 v.
1290 1552 1323 1575 c.

56 1607 227 1645 Taenia
255 1605 360 1660 ‘laea
389 1615 431 1644 et
461 1606 739 1656 crassz'cz'pz'ce
759 1607 953 1658 (quarum
972 1608 1133 1648 idcirco
1161 1612 1325 1650 articuli

53 1680 260 1721 difficilius
282 1680 500 1729 secedunt,
531 1688 573 1718 et
591 1683 635 1719 in
658 1680 808 1734 quibus
833 1685 1017 1723 tunicam
1038 1687 1324 1739 complurium

53 1756 330 1796 articulorum
367 1770 635 1796 communem
675 1767 717 1796 et
746 1761 991 1799 continuam
1036 1763 1210 1804 cultello
1240 1766 1327 1805 sol-

52 1847 154 1873 vere
195 1833 320 1884 licet)
355 1833 722 1887 progrediuntur,
778 1835 856 1875 sed
895 1837 1150 1893 plerumque
1195 1844 1323 1880 cuivis

20 1940 23 1942 .
52 1922 176 1957 suae,
215 1908 329 1947 unde
360 1918 402 1947 et
431 1912 633 1962 cujusque
660 1921 798 1950 motus
825 1915 936 1966 privi
967 1926 1008 1954 et
1035 1916 1322 1969 particulares.

51 1983 103 2023 In
131 1983 320 2036 partibus
353 1984 637 2037 plurimorum
675 1988 848 2039 quidem
891 1992 1157 2042 animalium,
1199 2006 1325 2045 prae-

52 2064 198 2100 sertim
225 2060 441 2101 inferioris
473 2063 650 2113 ordinis,
681 2065 850 2106 divulsis
880 2077 1019 2108 motus
1049 2067 1321 2110 observamus

0 2167 3 2171 .
54 2150 180 2189 saepe
208 2146 474 2189 protractos,
512 2139 685 2181 Taeniis
715 2152 856 2183 tamen
882 2154 1034 2197 utpote
1061 2149 1228 2198 saepius
1253 2139 1324 2186 'ar-

53 2210 189 2250 ticulis
219 2213 538 2265 quodammodo
562 2222 765 2272 separatis
795 2221 1082 2268 constantibus
1111 2221 1231 2274 hujus
1260 2225 1325 2262 rei

53 2291 350 2342 praerogativa
391 2291 580 2332 debetur.
662 2296 867 2336 Veterum
911 2301 1054 2352 itaque
1076 2298 1322 2352 *plui-imos,

53 2366 159 2417 quin
187 2375 229 2403 et
256 2369 815 2422 recentiorumnonnullos,
844 2366 1085 2413 animalculi
1117 2376 1320 2415 articulos

55 2451 264 2491 secretos,
301 2451 422 2482 motu
447 2444 593 2488 valido
623 2451 919 2503 circumactos,
956 2465 1056 2492 mox
1083 2452 1152 2493 vel
1180 2464 1322 2495 exten-
