1801 3066
1294 130 1375 175 235

97 237 346 277 fasciculum
377 237 570 286 collecti,
598 236 773 275 demum
799 235 910 272 intus
939 237 1018 272 acti
1040 235 1372 276 absconduntur.

96 312 146 352 In
176 315 448 368 Cysticercis,
493 311 567 350 ubi
596 320 723 361 caput
750 320 888 348 totum
915 309 1168 360 retrahitur,
1214 325 1282 350 res
1311 313 1373 351 fa..

100 389 218 428 cilius
249 391 500 440 conspicua,
538 401 665 440 quam
695 387 770 426 cel.
802 384 1115 425 Steinbuch
1144 389 1272 437 (Diss.
1305 391 1370 431 cit,

50 471 55 484 ¹
97 480 139 518 p.
169 467 232 511 65.
257 467 346 516 sq.)
375 466 549 517 egregie
579 466 785 515 exposuit.

175 540 452 589 Aculeorum‚
484 541 538 579 de
567 540 721 593 quibus
752 542 835 594 egi,
863 538 997 593 longe
1018 538 1243 590 plurimos,
1273 556 1374 582 con—

97 627 232 656 textus
261 617 447 656 durioris
478 632 592 665 esse,
622 631 672 656 ex
701 617 940 655 eorundem
971 626 1127 654 attactu
1153 626 1298 667 patet,
1326 629 1374 656 ut

66 740 69 744 .
95 691 252 745 reliqui
278 696 432 732 vermis
462 693 546 732 tela
572 683 778 732 cellulosa
803 696 849 731 in
871 693 1148 732 substantiam
1169 691 1372 732 hocloco

99 769 251 809 abierit
292 769 633 823 cartilagineam,
690 769 811 823 quod
857 781 943 808 tam
989 784 1038 808 ex
1082 769 1374 824 cartilaginum

99 849 290 884 omnium
325 846 607 896 naturalium,
650 861 780 900 quam
816 850 1071 899 praesertim
1110 861 1160 886 ex
1184 858 1376 899 praeter-

97 922 355 974 naturalium
385 933 508 972 ortu,
536 923 734 963 facillime
765 924 1010 975 explicatur.

176 1000 427 1038 Eorundem
451 1011 591 1038 autem
612 1014 696 1053 ope
715 1015 882 1040 vermes
902 1000 1097 1039 villosam
1118 1003 1223 1054 quin
1245 1016 1375 1055 saepe

100 1086 143 1115 et
169 1075 354 1129 reliquas
383 1079 685 1116 intestinorum
713 1081 875 1117 tunicas
903 1079 1132 1130 perforare
1159 1092 1303 1130 posse,
1332 1090 1375 1118 et

96 1151 223 1201 loco,
271 1153 386 1192 unde
423 1156 733 1192 nutrimentum
769 1153 987 1204 hauriant,
1034 1155 1271 1195 firmissime.
1300 1156 1375 1195 ad-

98 1227 305 1278 haerere,
334 1232 380 1268 in
405 1229 786 1282 Acanthocephalis
817 1232 1012 1284 quotidie
1038 1231 1252 1277 videmus;
1281 1235 1378 1270 irri-

100 1308 261 1344 tatione
287 1321 394 1346 vero
422 1310 608 1358 partium
633 1308 736 1346 inde
764 1318 884 1356 orta,
911 1311 1119 1360 majorem
1147 1308 1272 1347 simul
1297 1307 1376 1347 hn-

99 1395 267 1420 morum
280 1411 295 1430 ,
322 1396 428 1435 quos
449 1383 644 1424 Entozoa
665 1382 827 1431 bibant,
857 1386 1026 1435 copiam
1049 1383 1244 1433 affluere,
1273 1398 1377 1423 con-

101 1458 337 1496 tenderem.
380 1459 566 1501 Aculeos,
598 1462 713 1498 enim
739 1461 1075 1501 retinaculorum
1102 1462 1216 1498 vices
1247 1475 1377 1513 saepe

98 1547 191 1572 non
217 1534 362 1572 subire
389 1549 514 1586 posse
542 1538 753 1574 vermium
782 1539 1052 1590 cysticorum,
1081 1538 1222 1575 vesica
1243 1537 1376 1576 inclu-

100 1623 271 1658 sorum,
318 1613 431 1663 parti
471 1611 669 1664 adeoque
705 1611 812 1650 nulli
853 1623 1052 1650 externae
1081 1611 1376 1652 admovendo-

98 1701 217 1735 rum,
258 1687 453 1739 exemplo
494 1687 755 1744 colligimu83
805 1691 850 1727 in
876 1691 964 1728 istis
994 1699 1138 1728 autem
1164 1690 1376 1729 uncinulis

101 1767 272 1803 exsertis
291 1766 484 1803 ‘vesicam
512 1776 730 1805 externam
758 1765 920 1806 titillari
945 1768 1191 1819 pungique,
1223 1777 1265 1804 et
1291 1765 1376 1805 hoc

99 1841 235 1888 modo
264 1839 478 1891 humoris,
523 1856 653 1896 quem
680 1846 835 1883 vermis
876 1842 1127 1890 absorbeat,
1166 1845 1376 1894 majorem

103 1916 280 1957 affluere
308 1921 390 1956 vim
403 1947 418 1967 ,
445 1932 537 1966 non
565 1930 628 1958 est
655 1920 775 1973 quod
801 1933 946 1973 neges.
989 1920 1105 1961 Toto
1133 1929 1274 1958 autem
1292 1919 1377 1957 En-

101 2005 331 2034 tozoorum
359 2009 545 2047 corpore
575 1997 729 2036 aculeis
756 1999 946 2045 munito,
984 1999 1077 2049 ipsa
1104 1995 1252 2034 forsan
1279 2010 1378 2048 par-

101 2072 238 2122 tibus,
265 2075 311 2116 in
339 2072 490 2125 quibus
520 2071 725 2123 habitant,
756 2087 808 2112 eo
836 2072 998 2112 facilius
1028 2071 1276 2120 adhaerent,
1306 2083 1379 2112 aut

105 2163 256 2189 eorum
285 2164 370 2202 ope
397 2148 598 2193 humores
627 2148 850 2200 hauriunt,
890 2161 938 2189 ut
967 2149 1138 2189 aculeos
1166 2152 1269 2188 istos
1297 2151 1378 2188 mi-

103 2229 242 2267 nimos
277 2240 479 2273 vasorum
518 2226 839 2267 absorbentium
877 2228 991 2266 (ficas
1031 2229 1228 2281 origines.
1293 2226 1377 2265 Re-

106 2306 326 2358 spirationi
338 2305 552 2346 inservire
578 2303 836 2344 Fischeri
864 2305 1144 2356 (Werneri
1169 2302 1284 2342 brev.
1309 2317 1377 2342 ex·

104 2395 197 2435 pos.
237 2381 362 2420 Cont.
397 2380 446 2418 Π.
483 2395 524 2434 p.
555 2384 651 2434 50.)
689 2380 936 2437 hypothesis
974 2391 1060 2428 est,
1117 2380 1172 2419 de
1211 2394 1294 2434 qua
1331 2382 1378 2419 in

107 2460 211 2510 Cap.
239 2456 313 2496 XL
348 2466 507 2511 agatun
