1801 3066
494 174 575 225 430

497 281 633 324 simis;
662 276 732 318 vel
758 279 804 316 in
830 276 1083 326 ventriculo,
1120 276 1240 329 quod
1274 276 1490 329 pluribus;
1535 278 1604 318 vel
1640 282 1761 335 quod
1790 260 1792 264 V

493 356 624 408 longe
651 353 842 405 plurimis
871 355 1093 406 contingit,
1121 354 1167 391 in
1194 354 1411 401 intestino,
1450 353 1624 393 liberae
1651 370 1760 395 sem⁴

489 445 575 486 per
601 431 893 484 reperiuntur.
948 429 1045 466 Hoc
1074 428 1129 466 de
1157 427 1378 479 speciebus
1417 438 1503 467 tam
1529 426 1759 484 majoribus

493 521 618 560 quam
646 505 880 544 minoribus
908 504 1034 553 valet,
1061 515 1143 542 nec
1172 501 1292 555 hujus
1320 506 1383 564 rei
1428 507 1624 557 exceptio
1652 505 1758 546 mihi
1788 494 1796 498 ,

492 595 679 636 unquam
709 581 853 620 oblata
883 591 959 630 est,
989 579 1161 618 easdem
1188 581 1234 616 in
1262 578 1504 618 hominibus
1544 590 1586 619 et
1613 581 1758 621 bestiis

490 657 682 711 plurimIs
703 659 948 710 saepissime
970 654 1271 706 Contemplato.
1319 654 1542 694 Ascarides
1569 658 1652 695 oris
1671 657 1760 697 val..

491 733 595 773 vulis
614 743 655 772 et
667 735 861 772 suctione
878 733 1059 786 quadam
1069 729 1338 784 affigiposse‚
1354 726 1527 770 minifne
1537 744 1756 785 negarem,

491 809 567 849 sed
586 810 796 847 rarissime
815 808 898 846 hoc
917 808 1008 846 fieri
1026 807 1339 853 contenderim
1367 809 1413 846 in
1439 806 1613 860 reliquis
1642 810 1755 846 enim

491 885 717 938 generibus
739 885 861 923 dictis
883 884 1000 937 quod
1020 896 1202 934 semper,
1234 885 1359 920 etiam
1378 893 1477 934 post
1496 884 1756 934 animalium,

490 960 642 1013 quibus
671 964 829 1010 insunt,
859 960 989 1013 quid?
1031 958 1150 1012 quod
1187 967 1286 1009 post
1324 960 1532 996 vermium
1565 962 1758 1011 ipsorum

488 1047 688 1086 mortem,
719 1035 980 1084 observatur,
1010 1036 1045 1073 si
1072 1037 1117 1072 in
1144 1032 1414 1072 Ascaridibus
1443 1033 1588 1073 locum
1627 1034 1758 1074 habe—

490 1122 581 1161 ret,
638 1126 774 1165 aeque
821 1111 933 1150 bene
988 1111 1317 1161 conspiceretur.
1390 1107 1758 1165 Ehinorhynchos,

489 1188 696 1236 Taenias,
731 1185 1070 1238 Amphistomata
1106 1185 1283 1223 villosae
1314 1182 1587 1224 adhaerentia
1613 1185 1760 1237 plures

486 1255 567 1313 per
596 1275 727 1300 annos
756 1264 802 1300 in
829 1264 979 1313 spiritu
1005 1261 1094 1301 vini
1122 1272 1266 1304 servm
1306 1254 1577 1314 Strongylos)
1605 1261 1760 1299 Cucul-

486 1336 608 1375 lanos
638 1336 786 1376 infixos
826 1346 1021 1375 auctores
1048 1350 1217 1375 :mecum
1258 1335 1759 1387 saepiussobservarunt,

486 1413 698 1451 Ascaridis
743 1422 884 1451 autem
924 1412 1075 1452 infixae
1115 1425 1172 1451 ne
1211 1410 1320 1449 ullus
1363 1411 1538 1464 quidem
1578 1421 1756 1451 naturae

487 1499 698 1529 scrutator
723 1492 990 1528 mentionem
1018 1488 1143 1535 fecit;
1185 1488 1376 1526 medicos
1407 1489 1522 1527 enimv
1546 1471 1758 1540 practieos

488 1578 581 1604 non
612 1579 728 1616 curo,
758 1568 830 1619 qui
858 1564 1198 1616 perforationem
1225 1562 1452 1618 hypothesi
1487 1577 1570 1603 nec
1611 1555 1760 1602 'obser⁴¹

487 1640 728 1679 vationibus
756 1643 885 1679 innisi
915 1639 1160 1679 defendant.

590 1717 898 1771 Argumentum
925 1715 1037 1754 istud
1058 1725 1205 1754 contra
1232 1717 1531 1754 intestinorum
1558 1713 1755 1765 perfora-

487 1794 651 1831 tionem
681 1791 732 1830 ab
748 1791 949 1830 Ascaride
963 1790 1247 1829 lumbricoide
1268 1790 1433 1839 factam,
1465 1790 1756 1842 gravissimum

484 1867 590 1906 mihi
631 1868 821 1916 videtur,
865 1867 942 1905 sed
983 1881 1029 1906 re
1064 1865 1239 1905 ulterius
1281 1867 1528 1915 examinata,
1574 1864 1755 1904 eandem

486 1945 664 1982 omnino
693 1943 937 1996 negandam
967 1957 1058 1982 esse
1086 1942 1261 1995 patebit.
1284 1990 1286 1992 q

588 2019 698 2057 Tam
738 2021 784 2056 in
823 2017 998 2058 homine
1041 2033 1168 2073 quam
1203 2021 1250 2057 in
1291 2018 1435 2057 bestiis
1465 2016 1655 2056 dissectis
1682 2016 1757 2054 As-

484 2094 646 2133 carides
693 2094 905 2132 interdum
944 2097 988 2134 in
1035 2096 1271 2134 abdominis
1319 2106 1422 2133 cavo
1468 2093 1755 2144 reperiuntur,

485 2180 527 2208 et
552 2172 797 2218 intestinum
825 2167 947 2207 simul
964 2184 1096 2210 unum
1125 2171 1357 2210 alterumve
1387 2166 1515 2208 offert
1542 2167 1751 2215 foramen,

465 2248 603 2299 Aquod
629 2254 914 2300 transgressae
942 2249 1053 2292 sint;*
1084 2257 1156 2286 aut
1183 2243 1265 2284 illis
1293 2246 1395 2284 vivis
1427 2247 1472 2282 in
1511 2242 1752 2282 abdominis

482 2323 666 2375 quadam
702 2330 823 2374 parte
862 2321 1075 2361 abscessus
1114 2325 1261 2371 oritur,
1301 2335 1381 2372 per
1419 2332 1547 2374 quem
1581 2322 1754 2372 pra'eter

483 2397 634 2447 faeces,
664 2398 897 2449 Ascarides,
926 2401 1057 2437 rarius
1085 2398 1273 2436 Taeniae
1305 2407 1557 2436 eructantur.
1618 2396 1692 2433 His
1708 2396 1754 2432 in

481 2473 643 2512 casibus
670 2475 830 2513 medici
858 2473 1044 2526 plurimi)
1084 2476 1210 2512 etiam
1248 2475 1525 2512 recentissimi
1565 2486 1605 2513 v.
1634 2486 1666 2511 c.
1701 2470 1753 2510 cl·
