1801 3066
1242 175 1321 220 293

59 283 103 320 ρ..
129 272 240 321 144.)
268 271 541 321 pronuntiat,
569 266 645 305 sed
675 265 894 305 oviductus
923 268 967 305 in
994 270 1227 309 minoribus
1256 271 1316 311 sa·
1366 279 1367 282 ’

55 333 211 382 cillime
238 343 496 387 mihi'visus‚
536 350 578 380 et
604 341 754 379 iisdem
792 340 979 379 dissectis
1008 357 1107 383 mox
1135 345 1315 397 oblatus,

54 423 127 471 qui
154 422 197 458 in
231 417 326 457 Ech.
365 420 588 470 giganteo,
639 431 767 469 saepe
798 426 841 455 et
872 429 983 455 nunc
1012 419 1166 458 iterum
1197 435 1219 460 a
1246 435 1316 461 me

55 498 304 541 examinato,
335 503 376 531 et
405 494 604 533 Goezii
633 504 676 533 et
702 505 820 532 meos
845 489 1035 546 effugere
1057 497 1190 545 possit
1214 508 1315 536 ocu-

51 571 140 618 los,
169 583 259 608 non
288 571 422 621 capio.
478 568 527 607 In
554 571 634 608 isto
662 571 806 622 itaque
833 581 976 607 verme
1006 569 1226 608 oviductus
1256 581 1315 610 ta-

50 645 98 684 lis
128 647 359 684 certissime
385 658 474 684 non
504 645 649 683 existit.
698 643 835 683 Ovula
865 654 1002 683 autem
1026 643 1315 699 Echinorhyn-

52 720 223 760 chorum
253 721 370 774 quod
398 722 568 767 attinet,
606 720 731 760 valde
759 719 891 774 longa
925 719 1001 759 sed
1031 719 1154 758 simul
1183 733 1314 774 angu-

50 801 249 853 stissima,
294 807 340 836 ut
367 796 458 834 fere
494 795 670 834 linearia
699 805 816 845 sunt,
865 810 950 849 quo
986 809 1066 847 per
1093 795 1315 848 probosci-

47 873 145 912 dem
175 883 392 927 angustam
418 871 540 910 facile
571 872 731 925 deponi
758 886 885 924 posse
917 871 1197 916 credideri1n3
1228 885 1314 909 em-

0 950 5 954 “
49 948 219 1005 bryonis
260 959 397 987 autem
424 951 596 987 nonnisi
630 949 919 988 rudimentum
950 949 1168 986 continent
1194 949 1312 994 recti,

46 1039 127 1064 nec
165 1025 279 1064 velut
306 1028 350 1064 in
379 1027 526 1064 ceteris
563 1022 773 1064 vermibus
803 1023 1012 1077 spiraliter
1040 1025 1161 1069 torti3
1203 1023 1313 1061 conf.

48 1101 153 1142 Tab.
183 1103 248 1141 IV.
279 1102 367 1156 Fig.
403 1116 435 1141 1.
466 1101 506 1140 d.
561 1102 736 1140 Praeter
763 1099 867 1138 haec
896 1110 1036 1138 autem
1066 1097 1191 1137 ovula
1220 1111 1314 1136 cor-

46 1177 220 1230 puscula
249 1181 375 1217 etiam
403 1180 448 1216 in
479 1187 751 1229 conspectum
779 1178 978 1226 veniunt,
1008 1173 1209 1214 cellulosa
1237 1187 1313 1212 seu

46 1253 213 1302 favosa,
257 1253 352 1305 plus
395 1256 530 1292 minus
577 1253 855 1301 orbicularia,
902 1250 1051 1304 quibus
1097 1249 1311 1288 interdum

49 1331 174 1368 etiam
213 1330 340 1368 ovula
366 1331 522 1367 inserta
549 1329 767 1377 videmus,
804 1338 852 1367 ut
878 1340 957 1378 pro
988 1323 1311 1379 cotyledonibus

48 1405 114 1444 vel
158 1404 364 1457 placentis
412 1404 701 1442 communibus
749 1402 894 1442 haberi
942 1399 1147 1448 debeant,
1199 1399 1309 1437 conf.

46 1480 148 1518 Tab.
178 1481 248 1519 IV.
286 1481 373 1533 Fig.
408 1495 438 1519 1.
470 1495 503 1519 e.
570 1481 643 1518 His
681 1478 758 1518 sibi
796 1479 1003 1517 concessis
1045 1473 1144 1513 Ech.
1182 1475 1310 1528 Gigas

47 1556 246 1594 oviductu
288 1559 413 1595 etiarn
456 1569 601 1594 carere
645 1564 809 1606 potest,
863 1552 993 1592 velut'
1026 1550 1312 1589 mammalium

45 1631 182 1671 foetus
228 1621 497 1671 extrauterini
539 1630 735 1682 placenta
784 1643 859 1668 sua
902 1627 1138 1666 abdominis
1185 1628 1310 1665 variis

43 1707 230 1761 partibus
258 1710 405 1747 inserti
430 1708 583 1745 maturi
610 1705 727 1744 fiunt,

123 1785 170 1823 B.
230 1781 594 1835 Tetrarlzynclms.
657 1782 706 1821 In
734 1782 940 1822 Salmonis
969 1777 1307 1833 Tetrarhyncho,

46 1854 399 1914 Echinorhyncho
442 1858 725 1911 quadrirostri
763 1859 841 1898 sibi
879 1859 1017 1906 dicto,
1068 1856 1310 1894 Goezius

20 1935 175 1986 .(Tab.
204 1935 314 1974 XIII.
344 1935 432 1988 Fig.
459 1941 498 1980 5.
526 1925 588 1986 4)
628 1934 821 1974 tubulum
851 1933 1073 1974 caud-alem
1104 1932 1310 1985 depingit,

44 2014 118 2064 qui
151 2025 246 2049 cum
267 2008 720 2065 Echinorhynchorum
738 2012 880 2050 forsan
903 2010 1070 2050 sacculo
1093 2009 1208 2047 idem
1230 2009 1312 2060 sig-

45 2086 204 2132 nificat;
246 2089 292 2125 in
328 2089 478 2138 majori
514 2085 663 2125 saltem
699 2090 861 2140 specie,
894 2102 933 2126 ¹a
967 2088 1038 2139 Rue
1053 2086 1141 2125 dio
1171 2082 1313 2137 (degli

50 2162 217 2201 animali
243 2165 401 2202 viventi
427 2158 475 2215 p}
502 2169 586 2208 158.
615 2177 724 2204 vers.
751 2163 820 2203 lat.
850 2178 890 2215 p.
921 2163 1031 2211 235.)
1078 2163 1124 2199 in
1148 2160 1312 2212 Argen-

47 2241 136 2277 tina
163 2237 408 2293 Sphyraena
441 2239 630 2289 detecta,
667 2253 764 2291 pars
793 2239 884 2278 talis
924 2251 1011 2277 non
1040 2235 1224 2275 adfuisse
1251 2236 1312 2273 vi-

50 2316 198 2363 detur,
226 2313 344 2366 hujus
375 2317 510 2364 enim,
551 2315 652 2355 licet
677 2316 881 2368 plurimos
914 2312 1122 2366 ejusmodi
1148 2324 1312 2361 vermes

2 2417 8 2424 -
50 2393 273 2440 invenerit,
302 2392 564 2430 menti-onem
589 2404 679 2430 non
706 2392 819 2441 facit,
849 2392 926 2430 sed
955 2387 1192 2428 animalculi
1220 2401 1312 2425 cor·

12 2462 13 2467 ¹
52 2481 130 2517 pus
160 2479 457 2519 summopere,
502 2469 547 2504 in
574 2477 758 2519 quatuor
796 2468 1024 2519 digitorum
1053 2474 1312 2502 transverso-
