1801 3066
1266 171 1342 217 401

157 266 404 320 Amphibia
434 276 476 306 et
502 267 670 303 insecta
701 262 875 303 tandem
895 267 1016 316 quod
1044 270 1204 318 attinet,
1234 282 1341 321 quo-

78 354 172 380 rum
211 343 336 381 ovula
373 341 450 380 sibi
488 342 709 378 commissa
747 339 887 379 alieno
926 353 1052 392 saepe
1087 357 1109 381 a
1136 344 1340 383 matribus

76 415 176 456 lo‘co
207 416 509 465 excluduntur,
551 414 694 464 nulla,
736 428 847 468 quae
877 426 918 454 te
948 416 1194 468 expedient,
1223 422 1340 459 inve-

78 496 191 542 nias,
228 503 269 530 et
298 492 534 530 eorundem
561 506 724 531 vermes
755 491 807 530 ab
838 491 971 530 0qus
1001 493 1142 529 matris
1173 506 1256 543 ope
1285 495 1341 535 ad

78 569 226 607 eadem
255 567 465 607 translatis
496 568 757 616 derivando,
813 567 870 606 ad
905 565 1105 620 figmenta
1133 580 1240 607 vana
1269 569 1341 609 de-

76 644 252 683 scendas
281 657 454 683 necesse
483 654 558 683 est.

152 720 341 771 Argum.
370 720 418 757 V.
470 719 522 758 V
515 732 655 757 ermes
682 718 871 760 candem
898 720 1102 772 vivzpari
1136 713 1342 773 hypothe-

231 797 303 834 sin
333 796 512 832 omnino
542 794 759 847 refellunt.

153 872 374 910 Vei-mium
420 870 649 911 nonnullos
702 870 949 924 genitalium
1007 882 1254 923 apparatum
1300 879 1343 913 et

76 947 203 986 ovula
239 961 331 987 non
360 945 555 986 exhibere
593 950 637 986 in
673 945 1027 998 praecedentibus
1067 952 1240 995 monui;
1294 952 1343 988 ii-

76 1024 174 1062 dem
207 1033 334 1076 ergo,
373 1023 539 1062 sacculo
568 1027 742 1075 insuper
770 1021 918 1061 inclusi
949 1033 990 1061 et
1017 1022 1218 1072 solitarii,
1250 1040 1343 1065 sese

73 1113 316 1154 propagare
344 1112 434 1139 non
462 1099 680 1148 videntur,
720 1108 762 1137 et
790 1095 1049 1153 hypothesin
1076 1099 1340 1152 subvertunt,

74 1179 354 1227 transportari
391 1190 487 1215 cum
521 1185 750 1228 nequeant.
832 1174 1000 1211 Horum
1038 1184 1179 1214 autem
1216 1179 1342 1219 ovula

75 1263 117 1291 et
142 1262 284 1304 partes
314 1251 519 1306 genitales
547 1250 670 1290 nobis
700 1259 862 1288 tanturn
890 1248 1050 1300 latere9
1096 1265 1177 1291 nec
1207 1259 1343 1294 omni-

73 1342 131 1366 no
164 1328 311 1366 deesse
341 1326 603 1367 contendere
631 1326 792 1376 possis,
819 1324 978 1364 idcirc-0
1010 1327 1186 1366 eosdem
1214 1329 1342 1371 silen-

75 1405 134 1442 tio
162 1413 441 1454 praeteream,

154 1479 260 1518 Sunt
303 1488 443 1517 autem
480 1477 672 1516 Entozoa
708 1489 799 1515 non
835 1491 1000 1529 pauca5
1057 1491 1167 1531 quae
1203 1484 1342 1522 vivam

75 1565 237 1594 tantum
267 1554 394 1592 edant
420 1552 614 1604 prolem,
664 1561 706 1590 et
740 1549 848 1589 hanc
875 1566 954 1603 per
982 1567 1080 1592 vasa
1109 1555 1342 1596 absorben-

74 1634 132 1670 tia
161 1640 201 1669 et
239 1628 480 1682 sanguifera
515 1630 560 1666 in
587 1637 755 1666 uterum
785 1637 827 1666 et
866 1631 1058 1668 ovarium
1086 1630 1215 1680 ferri,
1272 1632 1342 1671 vel

72 1705 409 1758 amphibiorum,
438 1707 629 1757 ‹piscium
659 1714 736 1744 etc.
768 1718 848 1743 ova
875 1707 1034 1744 intrare
1062 1720 1210 1758 posse,
1248 1704 1342 1748 nul-

74 1782 138 1821 lus
169 1784 246 1821 etsi
273 1784 497 1833 opiniones
527 1794 624 1820 eum
652 1791 824 1819 teneant
861 1781 1129 1832 falsissimae,
1168 1794 1342 1823 conten-

77 1858 179 1897 dere
207 1855 276 1896 vel
304 1856 393 1896 ullo
422 1857 554 1896 modo
582 1856 804 1908 probabile
833 1857 1015 1896 reddere
1042 1861 1214 1909 poterit.
1259 1860 1341 1898 ,ΜΞ-

76 1933 118 1972 hi
147 1934 293 1973 saltem
323 1934 642 1987 argumentum,
677 1932 796 1985 quod
825 1935 966 1984 ajunt,
997 1937 1132 1972 crucis
1163 1948 1253 1974 esse
1280 1939 1341 1975 vi-

56 2012 214 2061 detur,
243 2024 327 2051 nec*
352 2008 649 2048 refellendum.
700 2009 743 2046 Si
773 2011 882 2047 enim
912 2007 1036 2048 ovula
1064 2007 1219 2048 horum
1246 2025 1340 2050 ver-

74 2090 204 2126 mium
242 2088 553 2139 viviparorum,
610 2074 837 2138 antequam
871 2077 1014 2137 proles
1042 2087 1136 2124 viva
1171 2085 1340 2126 reddita

76 2167 151 2214 sit,
197 2162 351 2202 abortu
378 2162 565 2216 quodam
594 2161 754 2214 deponi
783 2171 824 2201 et
850 2164 908 2200 ita
935 2164 979 2200 in
1006 2159 1234 2201 humorum
1263 2166 1341 2202 cir-

78 2239 219 2280 culum
246 2241 362 2291 rapi,
417 2241 450 2277 si
477 2238 559 2278 hoc
587 2242 759 2291 inquam
787 2237 949 2291 fingere
990 2237 1120 2276 velles
1130 2267 1145 2288 ,
1202 2252 1340 2291 aeque

77 2317 343 2357 arbitrarium
380 2328 429 2354 ac
468 2314 697 2357 absurdum
735 2314 873 2362 foret,
933 2324 974 2352 et
1023 2313 1194 2353 abortus
1235 2314 1339 2355 tales

75 2404 227 2448 postea
253 2389 451 2431 vivificari
477 2405 605 2442 posse
642 2389 762 2430 nullo
791 2390 922 2429 modo
952 2391 1230 2429 statuendum

155 2469 230 2508 His
258 2469 402 2521 itaque
430 2467 479 2505 cl.
509 2470 696 2507 virorum
723 2468 997 2509 sententiam:
1026 2467 1232 2508 vermium
1257 2482 1337 2510 ova

806 2544 842 2583 C
856 2558 876 2581 c
