1801 3066
1220 167 1299 217 443

38 267 252 305 sanissima
283 266 435 305 eodem
463 264 569 303 affici
598 264 803 312 dicantur,
833 273 1018 304 tumores
1047 267 1189 307 forsan
1213 284 1299 309 ma-

38 343 147 380 xime
176 344 281 381 varii
318 345 600 394 (sarcomata,
637 337 907 377 melicerides
939 343 1038 390 etc.)
1072 345 1115 380 in
1147 344 1301 396 pleura

38 427 80 455 et
106 420 335 469 peritoneo
377 414 511 462 obvii,
549 429 630 466 pro
670 415 853 465 ejusdem
891 415 1012 467 signo
1044 426 1203 457 temere
1231 418 1301 458 ha-

37 490 224 541 bentur,.
260 500 300 529 et
328 504 351 528 a
378 489 522 539 laniis,
568 490 772 542 plurima,
817 491 885 527 vix
911 500 1052 527 tamen
1079 489 1300 544 hydatides

37 565 112 604 sub
141 569 316 604 nomine
344 569 491 617 inepto
525 564 960 617 comprehenduntur,
990 562 1061 603 has
1082 567 1192 603 enim
1211 581 1300 606 non

37 640 264 690 occultant,
313 652 353 680 et
396 641 564 680 easdem
605 642 844 692 saepissime
892 640 994 679 mihi
1039 639 1299 688 obtulerunt,

1 762 4 768 Ι
42 729 144 768 quas
184 719 274 768 ipse
312 718 435 755 etiam
469 719 512 754 in
551 716 798 754 animalibus
839 731 861 755 a
894 730 962 754 me
1000 716 1186 754 dissectis
1214 715 1298 753 fre-

36 802 216 843 quenter
257 795 410 844 reperi.
484 792 662 832 Morbus
709 806 808 832 sane
850 806 973 832 verus
1022 800 1063 830 et
1097 792 1295 843 proprius

33 877 123 904 non
153 876 226 906 est.

602 1018 638 1066 §-
691 1017 730 1065 4-

128 1113 439 1156 Viscerum
479 1113 810 1156 destructio
851 1114 1207 1157 verminosa.

140 1242 270 1281 Aliud
295 1241 453 1280 malum
480 1244 691 1294 mmmm,
728 1242 847 1294 quod
883 1256 905 1280 a
943 1241 1156 1281 vermibus
1186 1242 1298 1280 deri-

36 1327 179 1365 vatur,
216 1320 260 1356 in
286 1321 494 1356 viscerum
531 1320 728 1357 erosione
767 1326 809 1355 et
838 1300 1124 1356 destructione
1163 1320 1298 1356 consi-

37 1393 120 1441 stit,
149 1396 391 1445 saepissime
419 1404 560 1432 tamen
587 1395 827 1444 ni'semper
861 1391 1069 1446 ambigua.

129 1483 179 1507 ra.
235 1468 471 1525 Cerebrum
510 1468 778 1524 hydatidibus
809 1465 1005 1506 affectum
1042 1470 1087 1506 in
1123 1471 1159 1519 §.
1187 1472 1297 1508 inse-

37 1554 198 1596 quente
237 1543 419 1589 dicetur;
465 1554 628 1583 veteres
667 1544 845 1583 aliorum
885 1543 1058 1596 quidem
1091 1546 1298 1582 vermium

36 1621 80 1657 in
109 1619 265 1658 eodem
292 1630 582 1670 repertorum,
619 1619 808 1672 illudque
838 1619 1166 1666 destruentium,
1201 1633 1297 1670 pas-

35 1697 114 1733 sim
140 1697 404 1734 mentionem
430 1688 605 1745 faciunt,
634 1694 712 1734 sed
740 1695 1036 1733 concretiones
1063 1693 1296 1747 polyposas

22 1783 116 1822 -pro
133 1768 194 1808 his
212 1771 464 1818 vendidisse,
491 1784 573 1809 nec
598 1773 804 1824 genuinos
822 1768 1067 1807 observasse
1082 1769 1295 1808 videntur.

39 1847 179 1899 Quem
206 1842 278 1883 Th
294 1859 436 1884 omas
465 1846 496 1883 B
512 1844 820 1884 a‘rtholinus
850 1845 979 1898 (Hist.
999 1846 1121 1883 Anat.
1141 1846 1296 1884 rarior.

37 1921 273 1962 Amstelod.
306 1920 417 1970 1654.
447 1904 484 1965 8..
515 1921 631 1959 Ceut.
664 1935 697 1959 1.
729 1920 831 1960 Obs.
859 1920 1025 1969 LXIV.)
1053 1922 1099 1957 in
1124 1919 1296 1970 puellae
1328 1907 1336 1912 ἐ

39 1996 218 2036 cerebro
257 2005 472 2047 repertum
508 1996 640 2034 refert
674 1998 836 2044 vivum,
882 1995 1081 2046 pilosum,
1129 1993 1296 2033 duobus

37 2075 204 2125 punctis
225 2070 544 2124 splendentibus
562 2071 662 2111 loco
685 2071 905 2111 oculorum
919 2073 1142 2123 insignem,
1161 2084 1296 2123 aeque

39 2147 151 2186 bene
186 2161 233 2186 ac
270 2150 540 2200 scorpionem
574 2152 620 2186 in
653 2148 748 2186 Itali
792 2145 967 2186 cerebro
1008 2145 1207 2185 obortum
1242 2147 1297 2187 ad

39 2225 284 2277 praestigias
312 2223 494 2273 referas,
532 2238 613 2266 nec
639 2223 830 2277 reliquae
860 2221 1068 2276 ejusmodi
1095 2220 1297 2260 historiae

40 2299 168 2339 fidem
194 2309 421 2339 merentur.
760 2334 763 2336 .

148 2375 237 2415 Cel.
266 2376 346 2414 Du
364 2376 572 2430 Ver'ney
600 2374 728 2428 (Bibl.
747 2375 906 2426 2450.)
936 2373 1175 2412 observatio
1203 2385 1297 2411 ver-

40 2453 118 2492 mis
145 2453 192 2491 in
219 2453 314 2490 sinu
341 2451 505 2493 cerebri
530 2454 690 2505 reperti
718 2465 742 2491 a
767 2464 870 2491 vero
897 2462 990 2490 non
1016 2447 1155 2489 aliena
1179 2448 1295 2488 vide-
