<?xml version="1.0" encoding="UTF-8"?>
<!DOCTYPE html PUBLIC "-//W3C//DTD XHTML 1.0 Transitional//EN"
    "http://www.w3.org/TR/xhtml1/DTD/xhtml1-transitional.dtd">
<html xmlns="http://www.w3.org/1999/xhtml" xml:lang="en" lang="en">
 <head>
  <title>
</title>
<meta http-equiv="Content-Type" content="text/html;charset=utf-8" />
  <meta name='ocr-system' content='tesseract 3.04.00' />
  <meta name='ocr-capabilities' content='ocr_page ocr_carea ocr_par ocr_line ocrx_word'/>
</head>
<body>
  <div class='ocr_page' id='page_1' title='image "./entozoorumsiveve11808rudo_0135.png"; bbox 0 0 1801 3066; ppageno 0'>
   <div class='ocr_carea' id='block_1_1' title="bbox 1250 159 1324 198">
    <p class='ocr_par' dir='ltr' id='par_1_1' title="bbox 1250 159 1324 198">
     <span class='ocr_line' id='line_1_1' title="bbox 1250 159 1324 198; baseline -0.027 -5"><span class='ocrx_word' id='word_1_1' title='bbox 1250 159 1324 198; x_wconf 84' lang='lat'><strong>105</strong></span> 
     </span>
    </p>
   </div>
   <div class='ocr_carea' id='block_1_2' title="bbox 55 252 1358 2210">
    <p class='ocr_par' dir='ltr' id='par_1_2' title="bbox 55 252 1331 769">
     <span class='ocr_line' id='line_1_2' title="bbox 55 252 1322 313; baseline -0.004 -9"><span class='ocrx_word' id='word_1_2' title='bbox 55 265 146 313; x_wconf 77' lang='lat'><strong>561.</strong></span> <span class='ocrx_word' id='word_1_3' title='bbox 175 263 331 303; x_wconf 83' lang='lat' dir='ltr'><strong>Petri</strong></span> <span class='ocrx_word' id='word_1_4' title='bbox 369 261 485 300; x_wconf 88' lang='lat' dir='ltr'>Sim.</span> <span class='ocrx_word' id='word_1_5' title='bbox 523 255 706 295; x_wconf 84' lang='lat' dir='ltr'><strong>Pallas</strong></span> <span class='ocrx_word' id='word_1_6' title='bbox 747 252 956 294; x_wconf 86' lang='lat' dir='ltr'><strong>Elenchus</strong></span> <span class='ocrx_word' id='word_1_7' title='bbox 986 257 1322 312; x_wconf 84' lang='lat' dir='ltr'><strong>Zoophytorum.</strong></span> 
     </span>
     <span class='ocr_line' id='line_1_3' title="bbox 110 330 1324 394; baseline -0.003 -16"><span class='ocrx_word' id='word_1_8' title='bbox 110 341 257 394; x_wconf 84' lang='lat' dir='ltr'><strong>Hagae</strong></span> <span class='ocrx_word' id='word_1_9' title='bbox 296 338 508 377; x_wconf 82' lang='lat' dir='ltr'>Comitum</span> <span class='ocrx_word' id='word_1_10' title='bbox 553 330 662 382; x_wconf 81' lang='grc'>1766.</span> <span class='ocrx_word' id='word_1_11' title='bbox 691 331 729 370; x_wconf 86' lang='grc'><strong>8.</strong></span> <span class='ocrx_word' id='word_1_12' title='bbox 768 335 859 380; x_wconf 74' lang='grc'><strong>451·</strong></span> <span class='ocrx_word' id='word_1_13' title='bbox 889 345 929 382; x_wconf 82' lang='lat' dir='ltr'><strong>p-</strong></span> <span class='ocrx_word' id='word_1_14' title='bbox 959 339 995 377; x_wconf 82' lang='lat'><strong>8·</strong></span> <span class='ocrx_word' id='word_1_15' title='bbox 1027 335 1051 357; x_wconf 64' lang='lat'><strong>⁴&lt;</strong></span> <span class='ocrx_word' id='word_1_16' title='bbox 1117 337 1324 375; x_wconf 85' lang='lat' dir='ltr'><strong>Taeniam</strong></span> 
     </span>
     <span class='ocr_line' id='line_1_4' title="bbox 112 406 1326 461; baseline -0.004 -5"><span class='ocrx_word' id='word_1_17' title='bbox 112 417 345 456; x_wconf 86' lang='lat' dir='ltr'><strong>Linnaeum</strong></span> <span class='ocrx_word' id='word_1_18' title='bbox 374 418 538 448; x_wconf 86' lang='lat' dir='ltr'><strong>secutus</strong></span> <span class='ocrx_word' id='word_1_19' title='bbox 575 419 614 456; x_wconf 92' lang='lat' dir='ltr'><strong>p.</strong></span> <span class='ocrx_word' id='word_1_20' title='bbox 644 409 840 456; x_wconf 67' lang='lat'>401-415</span> <span class='ocrx_word' id='word_1_21' title='bbox 877 406 1112 461; x_wconf 82' lang='lat' dir='ltr'><strong>Zoophytis</strong></span> <span class='ocrx_word' id='word_1_22' title='bbox 1144 413 1326 459; x_wconf 73' lang='lat' dir='ltr'><strong>addidjt;</strong></span> 
     </span>
     <span class='ocr_line' id='line_1_5' title="bbox 114 481 1327 538; baseline -0.002 -10"><span class='ocrx_word' id='word_1_23' title='bbox 114 490 245 532; x_wconf 81' lang='lat' dir='ltr'><strong>multa</strong></span> <span class='ocrx_word' id='word_1_24' title='bbox 290 486 541 534; x_wconf 81' lang='lat' dir='ltr'>ceteroquin</span> <span class='ocrx_word' id='word_1_25' title='bbox 583 492 734 520; x_wconf 88' lang='lat' dir='ltr'><strong>contra</strong></span> <span class='ocrx_word' id='word_1_26' title='bbox 778 481 891 521; x_wconf 87' lang='lat' dir='ltr'><strong>hunc</strong></span> <span class='ocrx_word' id='word_1_27' title='bbox 932 483 1119 534; x_wconf 79' lang='lat' dir='ltr'><strong>profert;</strong></span> <span class='ocrx_word' id='word_1_28' title='bbox 1166 499 1327 538; x_wconf 81' lang='lat' dir='ltr'>septem</span> 
     </span>
     <span class='ocr_line' id='line_1_6' title="bbox 114 557 1329 616; baseline -0.002 -14"><span class='ocrx_word' id='word_1_29' title='bbox 114 564 293 604; x_wconf 78' lang='lat' dir='ltr'><strong>Taenias</strong></span> <span class='ocrx_word' id='word_1_30' title='bbox 335 568 576 607; x_wconf 75' lang='lat' dir='ltr'><strong>enumerat,</strong></span> <span class='ocrx_word' id='word_1_31' title='bbox 614 561 727 596; x_wconf 85' lang='lat' dir='ltr'><strong>inter</strong></span> <span class='ocrx_word' id='word_1_32' title='bbox 765 557 836 597; x_wconf 80' lang='lat' dir='ltr'><strong>has</strong></span> <span class='ocrx_word' id='word_1_33' title='bbox 869 569 1009 597; x_wconf 85' lang='lat' dir='ltr'><strong>autem</strong></span> <span class='ocrx_word' id='word_1_34' title='bbox 1037 558 1329 616; x_wconf 77' lang='lat' dir='ltr'><strong>Echinorhyn-</strong></span> 
     </span>
     <span class='ocr_line' id='line_1_7' title="bbox 114 634 1331 690; baseline -0.001 -13"><span class='ocrx_word' id='word_1_35' title='bbox 114 638 214 678; x_wconf 88' lang='lat' dir='ltr'><strong>chus</strong></span> <span class='ocrx_word' id='word_1_36' title='bbox 256 647 297 676; x_wconf 89' lang='lat' dir='ltr'><strong>et</strong></span> <span class='ocrx_word' id='word_1_37' title='bbox 327 638 588 690; x_wconf 79' lang='lat' dir='ltr'><strong>Cysticercus</strong></span> <span class='ocrx_word' id='word_1_38' title='bbox 617 634 774 682; x_wconf 82' lang='lat' dir='ltr'><strong>latent;</strong></span> <span class='ocrx_word' id='word_1_39' title='bbox 822 638 981 688; x_wconf 85' lang='lat' dir='ltr'><strong>species</strong></span> <span class='ocrx_word' id='word_1_40' title='bbox 1009 638 1131 675; x_wconf 85' lang='lat' dir='ltr'><strong>nimis</strong></span> <span class='ocrx_word' id='word_1_41' title='bbox 1161 640 1331 676; x_wconf 84' lang='lat' dir='ltr'><strong>restrin-</strong></span> 
     </span>
     <span class='ocr_line' id='line_1_8' title="bbox 115 725 287 769; baseline 0 -17"><span class='ocrx_word' id='word_1_42' title='bbox 115 725 287 769; x_wconf 70' lang='lat' dir='ltr'><strong>guntur.</strong></span> 
     </span>
    </p>

    <p class='ocr_par' dir='ltr' id='par_1_3' title="bbox 111 786 1346 1529">
     <span class='ocr_line' id='line_1_9' title="bbox 189 786 1335 845; baseline -0.009 -14"><span class='ocrx_word' id='word_1_43' title='bbox 189 786 310 831; x_wconf 47' lang='lat' dir='ltr'>‘Num</span> <span class='ocrx_word' id='word_1_44' title='bbox 337 790 382 826; x_wconf 87' lang='lat' dir='ltr'><strong>in</strong></span> <span class='ocrx_word' id='word_1_45' title='bbox 409 789 620 826; x_wconf 77' lang='lat' dir='ltr'><em>versione</em></span> <span class='ocrx_word' id='word_1_46' title='bbox 640 788 816 838; x_wconf 76' lang='lat' dir='ltr'><strong>belgica</strong></span> <span class='ocrx_word' id='word_1_47' title='bbox 846 792 962 845; x_wconf 78' lang='lat' dir='ltr'><strong>(Lyst</strong></span> <span class='ocrx_word' id='word_1_48' title='bbox 984 790 1061 832; x_wconf 75' lang='lat' dir='ltr'><strong>cler</strong></span> <span class='ocrx_word' id='word_1_49' title='bbox 1080 790 1335 829; x_wconf 73' lang='lat' dir='ltr'><strong>plant-Die-</strong></span> 
     </span>
     <span class='ocr_line' id='line_1_10' title="bbox 117 865 1336 918; baseline -0.004 -10"><span class='ocrx_word' id='word_1_50' title='bbox 117 881 211 915; x_wconf 77' lang='lat' dir='ltr'><strong>ren,</strong></span> <span class='ocrx_word' id='word_1_51' title='bbox 243 867 353 905; x_wconf 89' lang='lat' dir='ltr'><strong>door</strong></span> <span class='ocrx_word' id='word_1_52' title='bbox 377 867 420 904; x_wconf 88' lang='grc' dir='ltr'><strong>Ρ.</strong></span> <span class='ocrx_word' id='word_1_53' title='bbox 449 865 742 903; x_wconf 83' lang='lat' dir='ltr'><strong>Boddaert.</strong></span> <span class='ocrx_word' id='word_1_54' title='bbox 774 865 950 906; x_wconf 67' lang='lat' dir='ltr'><strong>Uti-echt</strong></span> <span class='ocrx_word' id='word_1_55' title='bbox 983 868 1093 918; x_wconf 73' lang='grc'>1768.</span> <span class='ocrx_word' id='word_1_56' title='bbox 1123 873 1162 912; x_wconf 77' lang='lat' dir='ltr'><strong>S.</strong></span> <span class='ocrx_word' id='word_1_57' title='bbox 1191 880 1230 918; x_wconf 85' lang='lat' dir='ltr'><strong>p.</strong></span> <span class='ocrx_word' id='word_1_58' title='bbox 1246 867 1336 917; x_wconf 67' lang='grc'><strong>654.</strong></span> 
     </span>
     <span class='ocr_line' id='line_1_11' title="bbox 119 941 1338 995; baseline -0.001 -13"><span class='ocrx_word' id='word_1_59' title='bbox 119 943 229 982; x_wconf 74' lang='lat' dir='ltr'><strong>tabb.</strong></span> <span class='ocrx_word' id='word_1_60' title='bbox 270 955 360 980; x_wconf 85' lang='lat' dir='ltr'><strong>aen.</strong></span> <span class='ocrx_word' id='word_1_61' title='bbox 398 941 510 979; x_wconf 81' lang='lat' dir='ltr'>XIV.</span> <span class='ocrx_word' id='word_1_62' title='bbox 550 942 884 995; x_wconf 83' lang='lat' dir='ltr'><strong>Dryander.)</strong></span> <span class='ocrx_word' id='word_1_63' title='bbox 925 953 1051 994; x_wconf 85' lang='lat' dir='ltr'><strong>caput</strong></span> <span class='ocrx_word' id='word_1_64' title='bbox 1090 943 1143 981; x_wconf 86' lang='lat' dir='ltr'><strong>de</strong></span> <span class='ocrx_word' id='word_1_65' title='bbox 1175 944 1338 981; x_wconf 77' lang='lat' dir='ltr'><strong>Taenia</strong></span> 
     </span>
     <span class='ocr_line' id='line_1_12' title="bbox 123 1017 1340 1071; baseline -0.004 -12"><span class='ocrx_word' id='word_1_66' title='bbox 123 1019 340 1059; x_wconf 77' lang='lat' dir='ltr'><strong>redditum</strong></span> <span class='ocrx_word' id='word_1_67' title='bbox 365 1020 432 1067; x_wconf 84' lang='lat' dir='ltr'><strong>sit,</strong></span> <span class='ocrx_word' id='word_1_68' title='bbox 462 1031 530 1055; x_wconf 85' lang='lat' dir='ltr'><strong>me</strong></span> <span class='ocrx_word' id='word_1_69' title='bbox 552 1017 675 1071; x_wconf 80' lang='lat' dir='ltr'><strong>fugit,</strong></span> <span class='ocrx_word' id='word_1_70' title='bbox 704 1021 748 1056; x_wconf 89' lang='lat' dir='ltr'><strong>in</strong></span> <span class='ocrx_word' id='word_1_71' title='bbox 765 1019 976 1056; x_wconf 71' lang='lat' dir='ltr'><strong>versione</strong></span> <span class='ocrx_word' id='word_1_72' title='bbox 997 1018 1145 1057; x_wconf 81' lang='lat' dir='ltr'><strong>saltem</strong></span> <span class='ocrx_word' id='word_1_73' title='bbox 1163 1031 1340 1068; x_wconf 73' lang='lat' dir='ltr'><strong>germa-</strong></span> 
     </span>
     <span class='ocr_line' id='line_1_13' title="bbox 120 1092 1340 1147; baseline -0.001 -14"><span class='ocrx_word' id='word_1_74' title='bbox 120 1097 222 1133; x_wconf 81' lang='lat' dir='ltr'><strong>nica</strong></span> <span class='ocrx_word' id='word_1_75' title='bbox 253 1096 309 1147; x_wconf 82' lang='lat' dir='ltr'><strong>(P.</strong></span> <span class='ocrx_word' id='word_1_76' title='bbox 341 1095 379 1132; x_wconf 87' lang='lat' dir='ltr'><strong>S.</strong></span> <span class='ocrx_word' id='word_1_77' title='bbox 411 1093 591 1133; x_wconf 77' lang='lat' dir='ltr'><strong>Pallas</strong></span> <span class='ocrx_word' id='word_1_78' title='bbox 624 1092 949 1133; x_wconf 84' lang='lat' dir='ltr'><strong>Characteristik</strong></span> <span class='ocrx_word' id='word_1_79' title='bbox 971 1096 1047 1134; x_wconf 86' lang='lat' dir='ltr'><strong>der</strong></span> <span class='ocrx_word' id='word_1_80' title='bbox 1070 1092 1340 1146; x_wconf 78' lang='lat' dir='ltr'><strong>Thierpfian-</strong></span> 
     </span>
     <span class='ocr_line' id='line_1_14' title="bbox 111 1169 1342 1224; baseline 0 -14"><span class='ocrx_word' id='word_1_81' title='bbox 111 1185 214 1224; x_wconf 17' lang='lat' dir='ltr'><strong>*zen.</strong></span> <span class='ocrx_word' id='word_1_82' title='bbox 271 1172 318 1209; x_wconf 91' lang='lat' dir='ltr'><strong>A.</strong></span> <span class='ocrx_word' id='word_1_83' title='bbox 352 1170 390 1207; x_wconf 84' lang='lat' dir='ltr'><strong>d.</strong></span> <span class='ocrx_word' id='word_1_84' title='bbox 419 1170 511 1207; x_wconf 87' lang='lat' dir='ltr'><strong>Lat.</strong></span> <span class='ocrx_word' id='word_1_85' title='bbox 541 1183 626 1208; x_wconf 88' lang='lat' dir='ltr'><strong>von</strong></span> <span class='ocrx_word' id='word_1_86' title='bbox 665 1169 782 1210; x_wconf 86' lang='lat' dir='ltr'>Chr.</span> <span class='ocrx_word' id='word_1_87' title='bbox 824 1171 898 1208; x_wconf 88' lang='lat' dir='ltr'><strong>Fr.</strong></span> <span class='ocrx_word' id='word_1_88' title='bbox 934 1171 1207 1220; x_wconf 68' lang='lat' dir='ltr'><strong>Wilkens,</strong></span> <span class='ocrx_word' id='word_1_89' title='bbox 1247 1170 1342 1210; x_wconf 84' lang='lat' dir='ltr'><strong>hei·-</strong></span> 
     </span>
     <span class='ocr_line' id='line_1_15' title="bbox 125 1245 1344 1302; baseline -0.002 -16"><span class='ocrx_word' id='word_1_90' title='bbox 125 1246 399 1302; x_wconf 78' lang='lat' dir='ltr'><strong>ausgegeben</strong></span> <span class='ocrx_word' id='word_1_91' title='bbox 428 1260 513 1285; x_wconf 88' lang='lat' dir='ltr'><strong>von</strong></span> <span class='ocrx_word' id='word_1_92' title='bbox 539 1247 614 1284; x_wconf 90' lang='lat' dir='ltr'><strong>Jo.</strong></span> <span class='ocrx_word' id='word_1_93' title='bbox 643 1245 721 1284; x_wconf 78' lang='lat' dir='ltr'><strong>Fr.</strong></span> <span class='ocrx_word' id='word_1_94' title='bbox 751 1246 907 1285; x_wconf 64' lang='lat' dir='ltr'><strong>With.</strong></span> <span class='ocrx_word' id='word_1_95' title='bbox 939 1247 1156 1286; x_wconf 74' lang='lat' dir='ltr'><strong>Hei-bst.</strong></span> <span class='ocrx_word' id='word_1_96' title='bbox 1204 1249 1344 1285; x_wconf 78' lang='lat' dir='ltr'><strong>Niirn-</strong></span> 
     </span>
     <span class='ocr_line' id='line_1_16' title="bbox 125 1322 1345 1377; baseline -0.002 -15"><span class='ocrx_word' id='word_1_97' title='bbox 125 1323 235 1377; x_wconf 85' lang='lat' dir='ltr'><strong>berg</strong></span> <span class='ocrx_word' id='word_1_98' title='bbox 268 1329 377 1375; x_wconf 79' lang='lat'>1787.</span> <span class='ocrx_word' id='word_1_99' title='bbox 406 1327 442 1372; x_wconf 72' lang='lat'><strong>4.</strong></span> <span class='ocrx_word' id='word_1_100' title='bbox 472 1322 562 1372; x_wconf 69' lang='lat'><strong>344.</strong></span> <span class='ocrx_word' id='word_1_101' title='bbox 593 1324 630 1359; x_wconf 90' lang='lat' dir='ltr'><strong>S.</strong></span> <span class='ocrx_word' id='word_1_102' title='bbox 661 1322 753 1359; x_wconf 90' lang='lat' dir='ltr'><strong>XII.</strong></span> <span class='ocrx_word' id='word_1_103' title='bbox 782 1324 958 1374; x_wconf 66' lang='lat' dir='ltr'><strong>Kpft.*)</strong></span> <span class='ocrx_word' id='word_1_104' title='bbox 986 1327 1076 1375; x_wconf 81' lang='lat' dir='ltr'><strong>jure</strong></span> <span class='ocrx_word' id='word_1_105' title='bbox 1103 1326 1345 1374; x_wconf 77' lang='lat' dir='ltr'><strong>meritoque</strong></span> 
     </span>
     <span class='ocr_line' id='line_1_17' title="bbox 128 1398 1346 1451; baseline -0.001 -14"><span class='ocrx_word' id='word_1_106' title='bbox 128 1401 330 1439; x_wconf 78' lang='lat' dir='ltr'><strong>omissum</strong></span> <span class='ocrx_word' id='word_1_107' title='bbox 371 1406 456 1444; x_wconf 81' lang='lat' dir='ltr'><strong>est,</strong></span> <span class='ocrx_word' id='word_1_108' title='bbox 504 1411 598 1435; x_wconf 83' lang='lat' dir='ltr'><strong>cum</strong></span> <span class='ocrx_word' id='word_1_109' title='bbox 635 1398 824 1436; x_wconf 84' lang='lat' dir='ltr'><strong>Taeniae</strong></span> <span class='ocrx_word' id='word_1_110' title='bbox 862 1401 1111 1451; x_wconf 82' lang='lat' dir='ltr'>neutiquam</span> <span class='ocrx_word' id='word_1_111' title='bbox 1151 1399 1205 1437; x_wconf 83' lang='lat' dir='ltr'><strong>ad.</strong></span> <span class='ocrx_word' id='word_1_112' title='bbox 1232 1399 1346 1437; x_wconf 89' lang='lat' dir='ltr'><strong>Zoo-</strong></span> 
     </span>
     <span class='ocr_line' id='line_1_18' title="bbox 130 1473 541 1529; baseline -0.007 -18"><span class='ocrx_word' id='word_1_113' title='bbox 130 1473 259 1529; x_wconf 83' lang='lat' dir='ltr'><strong>phyta</strong></span> <span class='ocrx_word' id='word_1_114' title='bbox 289 1475 541 1525; x_wconf 82' lang='lat' dir='ltr'><strong>pertineant.</strong></span> 
     </span>
    </p>

    <p class='ocr_par' dir='ltr' id='par_1_4' title="bbox 77 1547 1351 1828">
     <span class='ocr_line' id='line_1_19' title="bbox 77 1547 1348 1602; baseline 0.001 -15"><span class='ocrx_word' id='word_1_115' title='bbox 77 1552 168 1593; x_wconf 79' lang='lat'>362.</span> <span class='ocrx_word' id='word_1_116' title='bbox 199 1550 325 1586; x_wconf 84' lang='lat' dir='ltr'><strong>Sam.</strong></span> <span class='ocrx_word' id='word_1_117' title='bbox 356 1547 555 1600; x_wconf 83' lang='lat' dir='ltr'><strong>Sigefr.</strong></span> <span class='ocrx_word' id='word_1_118' title='bbox 579 1548 829 1586; x_wconf 83' lang='lat' dir='ltr'><strong>Beddeus</strong></span> <span class='ocrx_word' id='word_1_119' title='bbox 857 1549 964 1586; x_wconf 86' lang='lat' dir='ltr'><strong>Diss.</strong></span> <span class='ocrx_word' id='word_1_120' title='bbox 994 1551 1136 1602; x_wconf 81' lang='lat' dir='ltr'>inaug.</span> <span class='ocrx_word' id='word_1_121' title='bbox 1170 1550 1224 1588; x_wconf 80' lang='lat' dir='ltr'><strong>de</strong></span> <span class='ocrx_word' id='word_1_122' title='bbox 1252 1562 1348 1588; x_wconf 84' lang='lat' dir='ltr'><strong>ver-</strong></span> 
     </span>
     <span class='ocr_line' id='line_1_20' title="bbox 130 1622 1350 1678; baseline -0.002 -13"><span class='ocrx_word' id='word_1_123' title='bbox 130 1638 200 1665; x_wconf 88' lang='lat' dir='ltr'><strong>me</strong></span> <span class='ocrx_word' id='word_1_124' title='bbox 228 1623 392 1664; x_wconf 81' lang='lat' dir='ltr'><strong>Taenia</strong></span> <span class='ocrx_word' id='word_1_125' title='bbox 423 1622 550 1661; x_wconf 86' lang='lat' dir='ltr'><strong>dicto.</strong></span> <span class='ocrx_word' id='word_1_126' title='bbox 582 1624 731 1662; x_wconf 84' lang='lat' dir='ltr'><strong>Vienn.</strong></span> <span class='ocrx_word' id='word_1_127' title='bbox 767 1625 877 1677; x_wconf 72' lang='lat'><strong>1767.</strong></span> <span class='ocrx_word' id='word_1_128' title='bbox 906 1625 970 1667; x_wconf 77' lang='lat'><strong>55.</strong></span> <span class='ocrx_word' id='word_1_129' title='bbox 998 1637 1039 1676; x_wconf 86' lang='lat' dir='ltr'><strong>p.</strong></span> <span class='ocrx_word' id='word_1_130' title='bbox 1067 1630 1105 1670; x_wconf 82' lang='grc'><strong>8.</strong></span> <span class='ocrx_word' id='word_1_131' title='bbox 1135 1625 1350 1678; x_wconf 76' lang='lat' dir='ltr'><strong>Dryan—</strong></span> 
     </span>
     <span class='ocr_line' id='line_1_21' title="bbox 133 1698 1351 1755; baseline 0 -15"><span class='ocrx_word' id='word_1_132' title='bbox 133 1702 240 1742; x_wconf 72' lang='lat' dir='ltr'><strong>der.</strong></span> <span class='ocrx_word' id='word_1_133' title='bbox 279 1700 414 1752; x_wconf 83' lang='lat'>(1766.</span> <span class='ocrx_word' id='word_1_134' title='bbox 459 1698 769 1755; x_wconf 51' lang='lat' dir='ltr'><strong>Boelriiier.)</strong></span> <span class='ocrx_word' id='word_1_135' title='bbox 813 1702 1083 1740; x_wconf 85' lang='lat' dir='ltr'><strong>Linnaeanae</strong></span> <span class='ocrx_word' id='word_1_136' title='bbox 1132 1701 1197 1752; x_wconf 85' lang='lat' dir='ltr'><strong>(n.</strong></span> <span class='ocrx_word' id='word_1_137' title='bbox 1234 1702 1351 1753; x_wconf 76' lang='grc'>544)</span> 
     </span>
     <span class='ocr_line' id='line_1_22' title="bbox 134 1776 1149 1828; baseline -0.002 -11"><span class='ocrx_word' id='word_1_138' title='bbox 134 1788 300 1821; x_wconf 81' lang='lat' dir='ltr'><strong>tantum</strong></span> <span class='ocrx_word' id='word_1_139' title='bbox 329 1776 633 1814; x_wconf 76' lang='lat' dir='ltr'><strong>dissertationis</strong></span> <span class='ocrx_word' id='word_1_140' title='bbox 664 1778 875 1828; x_wconf 76' lang='lat' dir='ltr'><strong>repetitio.</strong></span> <span class='ocrx_word' id='word_1_141' title='bbox 905 1777 1149 1816; x_wconf 79' lang='lat' dir='ltr'><strong>Modeer.</strong></span> 
     </span>
    </p>

    <p class='ocr_par' dir='ltr' id='par_1_5' title="bbox 81 1851 1358 2210">
     <span class='ocr_line' id='line_1_23' title="bbox 81 1851 1355 1901; baseline -0.001 -9"><span class='ocrx_word' id='word_1_142' title='bbox 81 1855 173 1901; x_wconf 76' lang='lat'><strong>563.</strong></span> <span class='ocrx_word' id='word_1_143' title='bbox 206 1851 510 1892; x_wconf 85' lang='lat' dir='ltr'><strong>Observations</strong></span> <span class='ocrx_word' id='word_1_144' title='bbox 542 1866 613 1890; x_wconf 88' lang='lat' dir='ltr'><strong>sur</strong></span> <span class='ocrx_word' id='word_1_145' title='bbox 640 1851 681 1890; x_wconf 85' lang='lat' dir='ltr'><strong>Ie</strong></span> <span class='ocrx_word' id='word_1_146' title='bbox 709 1854 872 1891; x_wconf 86' lang='lat' dir='ltr'><strong>Taenia</strong></span> <span class='ocrx_word' id='word_1_147' title='bbox 901 1866 960 1890; x_wconf 89' lang='lat' dir='ltr'><strong>ou</strong></span> <span class='ocrx_word' id='word_1_148' title='bbox 981 1854 1069 1892; x_wconf 90' lang='lat' dir='ltr'><strong>Ver</strong></span> <span class='ocrx_word' id='word_1_149' title='bbox 1097 1852 1282 1892; x_wconf 82' lang='lat' dir='ltr'><strong>solitaire</strong></span> <span class='ocrx_word' id='word_1_150' title='bbox 1312 1862 1355 1892; x_wconf 83' lang='lat' dir='ltr'><strong>et</strong></span> 
     </span>
     <span class='ocr_line' id='line_1_24' title="bbox 136 1922 1354 1985; baseline -0.002 -17"><span class='ocrx_word' id='word_1_151' title='bbox 136 1929 231 1985; x_wconf 84' lang='lat' dir='ltr'>plus</span> <span class='ocrx_word' id='word_1_152' title='bbox 259 1925 649 1980; x_wconf 67' lang='lat' dir='ltr'><strong>particulierement</strong></span> <span class='ocrx_word' id='word_1_153' title='bbox 678 1943 749 1967; x_wconf 88' lang='lat' dir='ltr'><strong>sur</strong></span> <span class='ocrx_word' id='word_1_154' title='bbox 776 1943 836 1967; x_wconf 88' lang='lat' dir='ltr'><strong>un</strong></span> <span class='ocrx_word' id='word_1_155' title='bbox 864 1930 1026 1968; x_wconf 84' lang='lat' dir='ltr'><strong>Taenia</strong></span> <span class='ocrx_word' id='word_1_156' title='bbox 1054 1929 1181 1982; x_wconf 75' lang='lat' dir='ltr'><strong>perce</strong></span> <span class='ocrx_word' id='word_1_157' title='bbox 1210 1922 1233 1966; x_wconf 72' lang='grc' dir='ltr'>ὲ</span> <span class='ocrx_word' id='word_1_158' title='bbox 1258 1931 1354 1980; x_wconf 85' lang='lat' dir='ltr'><strong>jour</strong></span> 
     </span>
     <span class='ocr_line' id='line_1_25' title="bbox 137 2001 1354 2059; baseline -0.002 -14"><span class='ocrx_word' id='word_1_159' title='bbox 137 2019 217 2059; x_wconf 78' lang='lat' dir='ltr'><strong>par</strong></span> <span class='ocrx_word' id='word_1_160' title='bbox 243 2005 450 2044; x_wconf 83' lang='lat' dir='ltr'><strong>Masars</strong></span> <span class='ocrx_word' id='word_1_161' title='bbox 483 2004 546 2042; x_wconf 85' lang='lat' dir='ltr'><strong>de</strong></span> <span class='ocrx_word' id='word_1_162' title='bbox 578 2005 821 2044; x_wconf 84' lang='lat' dir='ltr'><strong>Cazeles.</strong></span> <span class='ocrx_word' id='word_1_163' title='bbox 876 2006 945 2045; x_wconf 91' lang='lat' dir='ltr'><strong>In:</strong></span> <span class='ocrx_word' id='word_1_164' title='bbox 974 2006 1122 2046; x_wconf 86' lang='lat' dir='ltr'><strong>Journ.</strong></span> <span class='ocrx_word' id='word_1_165' title='bbox 1153 2005 1208 2044; x_wconf 87' lang='lat' dir='ltr'><strong>de</strong></span> <span class='ocrx_word' id='word_1_166' title='bbox 1236 2001 1354 2043; x_wconf 75' lang='lat' dir='ltr'><strong>Med.</strong></span> 
     </span>
     <span class='ocr_line' id='line_1_26' title="bbox 138 2081 1357 2135; baseline -0.001 -14"><span class='ocrx_word' id='word_1_167' title='bbox 138 2084 190 2125; x_wconf 87' lang='grc' dir='ltr'><strong>Τ.</strong></span> <span class='ocrx_word' id='word_1_168' title='bbox 222 2094 281 2135; x_wconf 86' lang='lat'><strong>29.</strong></span> <span class='ocrx_word' id='word_1_169' title='bbox 313 2081 472 2135; x_wconf 81' lang='lat'>(1768.)</span> <span class='ocrx_word' id='word_1_170' title='bbox 500 2094 541 2132; x_wconf 88' lang='lat' dir='ltr'><strong>p.</strong></span> <span class='ocrx_word' id='word_1_171' title='bbox 572 2081 726 2132; x_wconf 76' lang='grc'>26-45.</span> <span class='ocrx_word' id='word_1_172' title='bbox 757 2096 852 2120; x_wconf 90' lang='lat' dir='ltr'><strong>cum</strong></span> <span class='ocrx_word' id='word_1_173' title='bbox 881 2082 964 2121; x_wconf 90' lang='lat' dir='ltr'><strong>tab.</strong></span> <span class='ocrx_word' id='word_1_174' title='bbox 997 2097 1087 2122; x_wconf 85' lang='lat' dir='ltr'><strong>aen.</strong></span> <span class='ocrx_word' id='word_1_175' title='bbox 1117 2081 1143 2108; x_wconf 62' lang='lat'><strong>⁴&lt;</strong></span> <span class='ocrx_word' id='word_1_176' title='bbox 1193 2082 1357 2120; x_wconf 84' lang='lat' dir='ltr'><strong>Taenia</strong></span> 
     </span>
     <span class='ocr_line' id='line_1_27' title="bbox 143 2157 1358 2210; baseline -0.002 -12"><span class='ocrx_word' id='word_1_177' title='bbox 143 2157 332 2208; x_wconf 75' lang='lat' dir='ltr'><strong>Solium,</strong></span> <span class='ocrx_word' id='word_1_178' title='bbox 383 2160 495 2210; x_wconf 83' lang='lat' dir='ltr'>cujus</span> <span class='ocrx_word' id='word_1_179' title='bbox 547 2158 823 2197; x_wconf 85' lang='lat' dir='ltr'><strong>articulorum</strong></span> <span class='ocrx_word' id='word_1_180' title='bbox 864 2159 1032 2197; x_wconf 86' lang='lat' dir='ltr'><strong>mediae</strong></span> <span class='ocrx_word' id='word_1_181' title='bbox 1076 2168 1218 2210; x_wconf 79' lang='lat' dir='ltr'><strong>partes</strong></span> <span class='ocrx_word' id='word_1_182' title='bbox 1263 2171 1358 2196; x_wconf 87' lang='lat' dir='ltr'><strong>cum</strong></span> 
     </span>
    </p>
   </div>
   <div class='ocr_carea' id='block_1_3' title="bbox 143 2233 1360 2287">
    <p class='ocr_par' dir='ltr' id='par_1_6' title="bbox 143 2233 1360 2287">
     <span class='ocr_line' id='line_1_28' title="bbox 143 2233 1360 2287; baseline -0.002 -14"><span class='ocrx_word' id='word_1_183' title='bbox 143 2236 299 2273; x_wconf 86' lang='lat' dir='ltr'><strong>ovariis</strong></span> <span class='ocrx_word' id='word_1_184' title='bbox 337 2235 590 2273; x_wconf 80' lang='lat' dir='ltr'><strong>exciderant.</strong></span> <span class='ocrx_word' id='word_1_185' title='bbox 658 2235 850 2274; x_wconf 85' lang='lat' dir='ltr'><strong>Portioni</strong></span> <span class='ocrx_word' id='word_1_186' title='bbox 876 2249 981 2274; x_wconf 88' lang='lat' dir='ltr'><strong>vero</strong></span> <span class='ocrx_word' id='word_1_187' title='bbox 1011 2237 1068 2273; x_wconf 79' lang='lat' dir='ltr'><strong>ita</strong></span> <span class='ocrx_word' id='word_1_188' title='bbox 1097 2233 1360 2287; x_wconf 82' lang='lat' dir='ltr'><strong>defiguratae</strong></span> 
     </span>
    </p>
   </div>
   <div class='ocr_carea' id='block_1_4' title="bbox 147 2308 1360 2364">
    <p class='ocr_par' dir='ltr' id='par_1_7' title="bbox 147 2308 1360 2364">
     <span class='ocr_line' id='line_1_29' title="bbox 147 2308 1360 2364; baseline -0.002 -15"><span class='ocrx_word' id='word_1_189' title='bbox 147 2310 272 2357; x_wconf 59' lang='lat' dir='ltr'><strong>{limis</strong></span> <span class='ocrx_word' id='word_1_190' title='bbox 302 2308 457 2364; x_wconf 84' lang='lat' dir='ltr'><strong>longae</strong></span> <span class='ocrx_word' id='word_1_191' title='bbox 489 2321 529 2349; x_wconf 87' lang='lat' dir='ltr'><strong>et</strong></span> <span class='ocrx_word' id='word_1_192' title='bbox 558 2310 760 2363; x_wconf 82' lang='lat' dir='ltr'><strong>regulari,</strong></span> <span class='ocrx_word' id='word_1_193' title='bbox 789 2313 1020 2351; x_wconf 83' lang='lat' dir='ltr'><strong>maceratio</strong></span> <span class='ocrx_word' id='word_1_194' title='bbox 1051 2320 1121 2349; x_wconf 90' lang='lat' dir='ltr'><strong>aut</strong></span> <span class='ocrx_word' id='word_1_195' title='bbox 1140 2308 1360 2348; x_wconf 82' lang='lat' dir='ltr'><strong>artificium</strong></span> 
     </span>
    </p>
   </div>
   <div class='ocr_carea' id='block_1_5' title="bbox 150 2383 597 2433">
    <p class='ocr_par' dir='ltr' id='par_1_8' title="bbox 150 2383 597 2433">
     <span class='ocr_line' id='line_1_30' title="bbox 150 2383 597 2433; baseline 0.009 -11"><span class='ocrx_word' id='word_1_196' title='bbox 150 2383 238 2422; x_wconf 83' lang='lat' dir='ltr'><strong>fors</strong></span> <span class='ocrx_word' id='word_1_197' title='bbox 244 2396 297 2422; x_wconf 87' lang='lat' dir='ltr'><strong>an</strong></span> <span class='ocrx_word' id='word_1_198' title='bbox 325 2397 597 2433; x_wconf 64' lang='lat' dir='ltr'><strong>accesserunt,</strong></span> 
     </span>
    </p>
   </div>
   <div class='ocr_carea' id='block_1_6' title="bbox 99 2457 1422 2518">
    <p class='ocr_par' dir='ltr' id='par_1_9' title="bbox 99 2457 1422 2518">
     <span class='ocr_line' id='line_1_31' title="bbox 99 2457 1422 2518; baseline 0.001 -17"><span class='ocrx_word' id='word_1_199' title='bbox 99 2460 190 2511; x_wconf 76' lang='lat'><strong>564.</strong></span> <span class='ocrx_word' id='word_1_200' title='bbox 219 2459 251 2497; x_wconf 84' lang='lat' dir='ltr'><strong>F</strong></span> <span class='ocrx_word' id='word_1_201' title='bbox 265 2472 289 2498; x_wconf 84' lang='lat' dir='ltr'><strong>a</strong></span> <span class='ocrx_word' id='word_1_202' title='bbox 299 2457 354 2497; x_wconf 86' lang='lat' dir='ltr'><strong>ul</strong></span> <span class='ocrx_word' id='word_1_203' title='bbox 365 2457 459 2499; x_wconf 80' lang='lat' dir='ltr'><strong>hab</strong></span> <span class='ocrx_word' id='word_1_204' title='bbox 474 2475 495 2501; x_wconf 88' lang='lat' dir='ltr'><strong>e</strong></span> <span class='ocrx_word' id='word_1_205' title='bbox 508 2476 529 2500; x_wconf 86' lang='lat' dir='ltr'><strong>r</strong></span> <span class='ocrx_word' id='word_1_206' title='bbox 567 2461 821 2503; x_wconf 77' lang='lat' dir='ltr'><strong>Geschichte</strong></span> <span class='ocrx_word' id='word_1_207' title='bbox 857 2465 947 2504; x_wconf 84' lang='lat' dir='ltr'><strong>und</strong></span> <span class='ocrx_word' id='word_1_208' title='bbox 973 2463 1218 2518; x_wconf 77' lang='lat' dir='ltr'><strong>Abbildung</strong></span> <span class='ocrx_word' id='word_1_209' title='bbox 1246 2464 1362 2504; x_wconf 84' lang='lat' dir='ltr'><strong>eines</strong></span> <span class='ocrx_word' id='word_1_210' title='bbox 1414 2504 1422 2515; x_wconf 40' lang='lat'>⁸</span> 
     </span>
    </p>
   </div>
  </div>
 </body>
</html>
