1801 3066
1250 139 1332 186 '229

45 239 131 278 ‘ter
157 237 254 278 hinc
283 250 447 277 summo
488 235 587 275 colli
613 235 796 288 margini
825 234 1001 284 dextro,
1040 233 1156 278 illinc
1181 237 1327 278 infimo

59 318 242 370 margini
286 313 384 353 colli
422 314 612 355 sinistro;
658 312 842 347 sinister
879 324 982 349 vero
1026 310 1123 350 hinc
1162 328 1326 354 summo

63 391 163 430 colli
206 391 384 444 margini
431 388 626 435 sinistro,
672 385 787 425 illinc
825 386 970 426 infimo
1003 386 1111 427 ,colli
1148 393 1327 444 margini

62 469 210 507 dextro
244 469 481 504 inserantur
512 473 553 502 et
580 461 699 503 basin.
735 466 912 517 vaginae
941 473 1176 502 transverse
1204 480 1328 516 prae.-

62 552 311 583 tercurrant:
343 552 384 580 et
412 541 520 579 duos
549 542 724 591 insuper
754 538 882 588 alios,
913 553 937 578 a
965 539 1077 579 collo
1107 530 1222 578 recte
1253 542 1327 580 dc-

58 618 325 666 scendentes,
361 627 402 655 et
428 615 639 654 lemniscis
679 622 754 654 seu
781 614 1018 669 ligamentis
1048 629 1174 668 supra
1205 616 1326 654 dictis,

56 693 284 733 vasculosis
321 695 524 740 insertos,
575 702 804 730 enumerat.
860 691 1039 744 Utrique
1078 690 1180 730 mihi
1209 692 1326 731 dubii

55 780 163 809 sunt.
218 771 467 824 Ligamenta
497 767 696 820 equidem
725 767 802 806 filis
830 767 1038 819 plurimis,
1074 770 1175 820 quin
1203 770 1325 807 innu-

54 849 207 895 meris,
247 848 434 884 revincta
463 854 581 892 sunt,
624 854 672 883 ut
699 842 853 884 horum
881 847 1083 896 majorum
1114 845 1325 897 quaedam

52 924 144 961 viro
176 923 349 975 egregio
379 934 460 973 pro
500 919 699 959 musculis
728 922 915 973 propriis
943 922 1195 971 imposuisse
1230 921 1323 960 fere

53 1000 306 1050 suspicarer,
332 1011 412 1036 nec
435 999 729 1049 suspensorios
753 998 973 1049 proprios,
1003 999 1084 1035 nisi
1103 996 1173 1036 fila
1194 1012 1324 1050 quae-

52 1074 148 1113 dam
177 1088 200 1112 a
229 1073 341 1113 00110
373 1073 678 1112 descendentia
705 1073 802 1113 vidi.
849 1073 982 1112 Recte
1003 1087 1107 1113 num
1126 1073 1320 1125 viderim,

49 1164 182 1202 penes
213 1150 315 1191 alios
344 1149 547 1202 judicium
577 1161 681 1189 esto.

127 1228 218 1266 Jam
246 1230 280 1266 si
306 1225 529 1279 proboscis
559 1225 822 1266 retrahenda¹
849 1237 925 1276 est,
952 1230 1107 1282 vagina
1135 1240 1320 1279 corpore

49 1307 203 1343 vermis
235 1303 434 1356 elongato
465 1312 699 1340 retrorsum
729 1303 925 1353 ducitur,
955 1315 996 1342 et
1023 1303 1192 1342 insimul
1219 1317 1321 1355 pro-

49 1378 234 1418 boscidis
264 1392 370 1430 apex
399 1387 441 1416 et
469 1379 624 1416 sensim
653 1376 819 1430 reliqua
848 1380 935 1430 ejus
957 1392 1053 1430 pars
1075 1376 1320 1426 inflectitur,

51 1465 94 1494 et
122 1466 206 1494 tam
241 1457 472 1494 introrsum
501 1468 628 1506 quam
665 1464 902 1493 retrorsum
932 1453 1132 1503 trahitur,
1175 1464 1225 1493 ut
1252 1468 1321 1493 ex-

50 1541 217 1569 ternum
244 1528 511 1581 proboscidis
540 1529 669 1578 latus,
717 1529 871 1568 aculeis
911 1531 1145 1577 munitum,
1188 1532 1319 1569 inter-

49 1620 153 1646 num
190 1605 347 1644 factum
375 1608 447 1654 sit,
485 1604 620 1652 aculei
650 1614 788 1642 autem
796 1632 810 1651 ,
851 1603 952 1641 dum
980 1605 1213 1643 introrsum
1244 1605 1319 1643 du-

49 1692 225 1732 cuntur,
257 1682 311 1721 ob
342 1683 582 1721 distantiam
611 1694 737 1733 quam
767 1681 952 1720 seriatim
979 1682 1108 1732 positi
1134 1682 1246 1719 inter
1273 1695 1321 1721 se

47 1769 238 1806 servant,
278 1771 360 1797 nee
398 1768 489 1797 tum
527 1773 570 1798 se
608 1767 815 1812 tangunt,
863 1754 997 1795 multo
1038 1770 1141 1795 vero
1180 1760 1320 1798 minus

48 1834 363 1886 complicantur.
427 1836 518 1874 Nec
545 1823 789 1888 proboscis,
830 1833 1073 1872 aculeorum
1105 1837 1224 1886 apice
1252 1849 1320 1874 re-

13 1943 24 1947 -
46 1921 232 1951 trorsum
260 1921 502 1963 spectante,
544 1910 625 1949 alio
654 1911 786 1949 modo
816 1908 976 1948 retrahi
1003 1920 1161 1960 posset.
1216 1912 1319 1950 Pro-

47 1987 183 2027 boscis
214 1997 354 2026 autem
382 2002 463 2039 pro
495 1986 736 2027 animalculi
765 1986 904 2026 lubitu
934 1996 1006 2025 aut
1034 2000 1117 2038 qua
1150 1998 1318 2038 partem

48 2075 121 2104 aut
147 2075 237 2104 tota
263 2063 513 2110 retrahitur3
559 2067 593 2104 si
621 2074 711 2103 tota
741 2064 987 2103 abscondita
1017 2073 1103 2110 est,
1142 2065 1188 2101 in
1218 2064 1318 2102 colli

51 2144 170 2194 apice
197 2142 416 2180 foraminis
446 2142 610 2192 (coeci)
640 2143 826 2191 speciem
857 2142 960 2179 oriri
988 2153 1163 2178 necesse
1192 2140 1264 2179 est.

128 2216 214 2255 Sub
241 2216 511 2268 proboscidis
542 2227 683 2256 autem
713 2220 936 2256 emissione
965 2215 1100 2254 fibrae-
1122 2219 1316 2267 corporis

49 2293 348 2333 transversales
383 2297 627 2343 remittunt,
668 2304 708 2333 et
735 2291 1092 2348 longitudinaleS,
1131 2293 1316 2345 agendo,

53 2383 208 2422 corpus
243 2369 408 2409 brevius
449 2371 660 2420 reddunt,
710 2381 757 2410 ut
796 2371 991 2424 corporis
1034 2377 1234 2408 contenta
1272 2371 1318 2408 in

51 2448 246 2500 vaginam
286 2454 412 2499 agant
439 2459 619 2499 eamque
653 2447 934 2498 protrudant;
980 2444 1149 2483 insimul
1177 2455 1318 2483 autem
