1801 3066
1249 186 1336 225 17¹7

104 277 184 317 col.
225 280 328 330 pict.
375 287 533 315 rec-ms.
571 275 733 312 Comm.
768 273 889 314 Med.
929 275 1040 325 Lips.
1077 276 1173 315 Vol.
1205 278 1238 315 6.
1278 293 1319 330 p.

110 356 206 400 350-
220 361 306 400 352,
364 352 538 388 Vermes
566 362 838 402 nequaquam
865 349 1020 398 fuisse,
1059 364 1165 402 quos
1195 353 1323 392 Vete-

104 445 172 470 res
217 432 262 467 in
301 424 497 466 dentibus
545 427 754 464 invenisse
790 424 871 465 sibi
909 427 987 465 visi
1024 427 1128 474 sint,
1175 438 1322 467 auctor

105 487 270 547 evincit.

314 592 348 617 c.
407 576 448 617 d.
504 577 672 616 Furia
715 578 1053 630 infernalis.

182 657 290 694 Cum
322 651 754 694 Blumenbachio
799 652 975 707 aliisque
1012 653 1319 693 Recentiorum

97 732 267 770 Furiam
298 730 501 778 excludo,
548 740 725 769 naturae
764 730 1065 770 scrutatoribus
1101 744 1319 783 nunquam

98 810 250 851 visam:
305 819 491 846 vermem
540 815 581 843 et
637 816 778 845 tamen
826 809 872 845 in
922 810 1021 845 aere
1070 806 1321 846 volitantem

99 885 265 925 dictam.
330 883 373 920 Si
412 881 565 920 animal
602 881 686 920 tale
725 882 817 919 dari
861 894 1002 921 tamen
1040 883 1213 931 credas,
1262 882 1316 920 ad

96 973 256 998 vermes
289 961 516 998 certissime
544 971 634 996 non
659 952 911 1013 pertinebit,
949 959 1025 998 sed
1051 962 1200 999 insecti
1228 959 1315 998 for-

100 1040 215 1074 tassis
244 1034 361 1074 larva
393 1038 484 1076 erit.

44 1110 134 1164 627.
163 1112 285 1150 Furia
321 1111 537 1150 infernalis
575 1113 727 1151 vermis
769 1121 810 1150 et
839 1111 890 1151 ab
927 1126 976 1150 eo
1015 1114 1217 1151 concitari
1251 1126 1318 1152 so-

98 1186 197 1227 litus
225 1187 399 1227 morbus
432 1188 629 1239 descripti
658 1202 680 1226 a
701 1189 827 1226 Dan.
859 1189 906 1227 C.
937 1187 1220 1228 Solander.
1249 1189 1319 1230 In:

98 1264 205 1305 Nov,
235 1265 327 1303 Act,
355 1264 498 1316 Upsal.
536 1263 625 1302 Vol.
653 1263 683 1302 I.
713 1278 753 1315 p.
783 1269 936 1314 44-58.
967 1264 992 1288 ’τ

179 1341 343 1379 Versio
388 1342 691 1389 germanica:
746 1340 799 1376 D.
859 1338 1191 1379 Solander's
1234 1339 1319 1380 Ab·

99 1412 316 1468 handlung
353 1427 452 1453 vom
479 1415 745 1453 Mordwurm
780 1413 868 1452 und
896 1398 982 1451 {ron
1021 1414 1097 1452 der
1125 1414 1316 1455 dadurch

98 1488 399 1528 verursachten
436 1487 678 1528 Krankheit.
744 1489 920 1528 Uebers.
968 1503 1054 1529 von
1096 1491 1133 1528 J.
1174 1493 1221 1530 A.
1263 1491 1314 1534 E,

97 1564 293 1603 Goeze.
322 1564 406 1604 Im:
435 1562 760 1605 Naturforscher
787 1565 843 1601 St.
863 1564 934 1603 XI.
964 1578 1009 1615 p.
1037 1571 1217 1616 183-204.
1237 1568 1262 1591 ⁴<

175 1641 470 1680 Linnaeum
512 1641 715 1692 (Amoen.
751 1638 883 1679 Acad.
912 1638 1010 1679 Vol.
1039 1647 1080 1685 5.
1123 1654 1166 1692 p.
1196 1644 1312 1694 522.)

97 1730 284 1758 vermem
313 1720 470 1756 siccum
499 1719 734 1768 accepisse,
763 1716 839 1754 sed
866 1717 936 1754 ica
965 1715 1235 1762 evanidmn,
1266 1729 1313 1758 ut

97 1795 211 1845 cujus
243 1795 407 1848 generis
437 1803 546 1831 esset
575 1803 645 1831 aut
673 1795 854 1845 speciei,
896 1791 1071 1831 definire
1099 1807 1189 1832 non
1215 1794 1315 1834 lice-

96 1879 176 1912 ret.
229 1871 321 1907 Nec
359 1867 633 1908 Solander
659 1869 787 1917 vidit,
827 1869 903 1908 sed
939 1867 1227 1909 characterem
1258 1885 1309 1914 ex

94 1944 370 1987 relationibus
401 1947 581 1998 acceptis
603 1945 742 2000 fingit:
774 1948 942 1997 Corpus
970 1945 1182 1995 filiforme,
1212 1961 1314 1986 con-

95 2023 281 2071 tinuum,
325 2020 526 2073 aequale,
573 2025 773 2075 utrinque
824 2022 1007 2061 ciliatum
1053 2022 1206 2065 aculeis
1245 2039 1313 2063 re·-

99 2096 240 2151 flexis²
290 2097 507 2153 adpressis.
562 2099 622 2137 Ex
659 2102 757 2138 aere
793 2101 837 2137 in
865 2098 1058 2138 homines
1090 2110 1131 2138 et
1158 2100 1312 2142 bestias

99 2172 261 2223 delabi,
300 2174 585 2229 morbumque
615 2178 827 2216 concitare
856 2175 974 2218 Skz‘itt
1014 2178 1061 2228 (i.
1094 2189 1128 2214 e.
1157 2178 1313 2229 ictum)

96 2259 317 2297 vocaturn,
371 2253 417 2288 in
457 2252 608 2290 suecia
655 2251 1003 2304 septentrionali,
1057 2255 1309 2303 praesertim

96 2326 319 2375 Lapponia
371 2328 637 2369 Tornefiensi
696 2338 737 2367 et
786 2329 1002 2380 Kjemensi
1056 2327 1308 2383 frequentis·

97 2404 258 2444 simum.
