1801 3066
1313 165 1390 218 317

131 269 260 310 ovula
292 279 456 307 matura
495 268 538 304 in
566 264 731 316 reliqua
769 261 931 301 articuli
963 275 1103 316 parte,
1152 278 1230 308 nec
1256 271 1301 308 in
1330 286 1395 311 ca-

130 346 317 386 naliculo
358 353 517 382 tamum
553 342 791 389 communi,
848 338 970 396 obvia
1000 342 1211 384 refellunt.
1291 346 1395 386 Illae

131 437 232 462 vero
272 430 412 472 partes
444 431 537 456 cum
577 416 734 455 ductuli
764 419 997 455 communis
1035 422 1395 461 continuationem

131 502 297 544 sistant,
345 505 427 533 tam
468 507 611 532 semen
649 491 860 548 advehere
900 506 1044 544 quam,
1068 496 1257 545 recipere
1295 512 1395 548 pos-

130 584 248 623 sunt,
306 582 346 611 et
389 569 662 609 articulorum
702 569 884 606 duorum
912 569 1188 608 foraminibus
1215 574 1394 612 invicem

124 649 211 693 ,sibi
243 649 438 696 admotis,
480 649 613 684 coitus
644 643 799 695 duplex
824 645 892 682 vel
923 646 1085 684 eodem*
1105 656 1299 697 tempore
1327 649 1396 687 vel

131 729 363 764 successive
407 725 648 775 peragitur,
705 734 789 772 quo
837 722 1060 774 utriusque
1102 725 1226 761 etiam
1269 724 1396 763 ovula

130 802 399 841 vivificantur.
454 798 642 835 Taemae
671 799 928 847 saepissime,
958 798 1076 850 quod
1098 801 1311 837 neminem
1330 800 1397 838 fu-

131 880 214 931 git,
271 875 451 914 articulis
500 876 614 912 varie
663 875 866 911 contortis
916 871 1013 911 hinc
1060 874 1161 930 inde
1209 875 1395 915 nodulos

129 963 327 997 nectunt,
366 962 406 990 et
434 949 494 989 his
524 950 640 988 Factis
672 949 855 997 crificia,
896 948 1016 988 labiis
1049 950 1303 990 tumentibus
1333 955 1395 992 in-

129 1039 306 1076 structa,
352 1029 578 1065 arctissime
608 1024 685 1064 sibi
714 1026 887 1063 admota
917 1028 1257 1077 conspiciuntur,
1307 1044 1393 1082 quo

131 1117 287 1144 coitum
329 1103 490 1142 absolvi
529 1101 772 1142 Carlisle
810 1101 855 1152 (l.
888 1115 919 1140 c.
948 1116 990 1154 p.
1021 1106 1133 1154 255.)
1165 1106 1395 1144 rectissime

129 1184 357 1232 suspicatus
389 1190 459 1218 est.
515 1179 693 1217 Taenias
724 1188 887 1227 autem,
937 1180 972 1217 si
999 1178 1142 1229 plures
1172 1180 1293 1219 simul
1323 1183 1396 1220 ad-

131 1268 246 1305 sunt,
292 1258 471 1295 invicem
502 1258 627 1292 etiam
656 1258 771 1293 coire
807 1268 971 1310 posse,-
1009 1265 1150 1306 patet,
1199 1267 1239 1295 et
1265 1260 1395 1296 inter·

132 1333 232 1370 dum
269 1336 392 1370 etiam
429 1333 609 1369 Taenias
650 1331 751 1367 duas
788 1329 954 1368 fortiter
983 1329 1059 1367 sibi
1089 1330 1392 1383 adhaerentes,

132 1418 178 1447 ut
206 1409 297 1446 fere
329 1406 633 1460 adglutinatas,
677 1406 893 1453 videmus,
938 1419 1064 1458 quam
1105 1406 1158 1445 ob
1188 1421 1277 1446 rein
1307 1412 1394 1446 ani-

131 1483 354 1522 malculum
393 1482 505 1520 istud
541 1486 783 1532 promiscue
821 1492 905 1520 tam
942 1483 1235 1537 androgynam
1265 1498 1393 1538 quam

129 1557 519 1610 hermaphroditam,
548 1571 637 1594 esse
665 1570 792 1607 posse
822 1557 1086 1595 crediderim.

207 1637 376 1673 Pastum
405 1643 546 1671 autem
575 1634 693 1685 quod
723 1635 882 1682 attinet,
914 1632 965 1671 ab
995 1634 1235 1673 auctoribus·
1262 1638 1295 1674 is
1325 1651 1393 1676 va-

127 1712 190 1750 rie
219 1710 419 1753 traditur,
475 1723 556 1748 nec
593 1712 637 1748 in
666 1710 858 1748 omnibus
902 1709 1017 1748 idem
1048 1713 1137 1750 erit.
1220 1713 1395 1751 Articuli

131 1787 267 1826 ovulis
306 1789 478 1824 maturis
518 1786 624 1824 foeti
661 1787 903 1837 saepissime
941 1801 965 1826 a
990 1787 1163 1840 reliquis
1193 1803 1393 1840 separan-

131 1873 222 1910 tur,
274 1862 392 1900 unde
421 1862 600 1901 Taenias
641 1865 819 1914 majores
847 1862 939 1901 fere
968 1864 1320 1915 semper'laceras
1352 1877 1394 1904 et

131 1938 311 1976 articulis
340 1938 494 1976 ultimis
524 1938 716 1988 orbatas,
771 1937 848 1976 hos
876 1952 980 1978 vero
1018 1941 1204 1994 singulos
1235 1944 1391 1980 circum

131 2018 240 2054 circa
271 2015 485 2066 dispersos
514 2016 768 2066 reperimus,
798 2029 904 2067 quos
939 2016 1108 2055 Veteres
1137 2017 1391 2071 plerumque

129 2105 211 2143 pro
242 2091 452 2130 vermibus
480 2089 787 2143 peculiaribus,
834 2091 1101 2131 cucurbitinis
1141 2094 1218 2132 sibi
1249 2095 1390 2145 dictis,

132 2170 234 2220 quin
269 2167 564 2208 'Conletum
605 2180 685 2218 pro
714 2167 984 2207 Ascaridibus
1012 2169 1277 2220 Vendidisse,
1313 2185 1391 2210 no—

133 2246 334 2281 tissimum
371 2254 449 2282 est.
514 2230 816 2282 'Articulorum
855 2242 1096 2297 hujusmodi
1123 2247 1265 2285 media
1292 2261 1388 2300 pars

133 2328 271 2361 cutem
301 2321 604 2368 tenuissimam,
661 2315 794 2358 ovulis
823 2319 1129 2372 subjacentibus
1168 2322 1318 2362 elatam
1349 2336 1391 2363 et

131 2393 423 2432 flavescentem
449 2396 517 2434 vel
547 2406 588 2434 et
616 2395 845 2448 disruptam
869 2407 1097 2446 monstrat,
1125 2408 1173 2437 ut
1199 2398 1304 2439 haec
1330 2401 1390 2440 fa-

132 2470 200 2507 cili
227 2473 400 2524 negotio
431 2469 700 2512 effundantur
729 2483 770 2511 et
796 2474 843 2512 in
869 2486 993 2511 muco
1021 2476 1248 2515 intestinali
1281 2479 1388 2516 cIrca
1409 2523 1417 2534 .
