<?xml version="1.0" encoding="UTF-8"?>
<!DOCTYPE html PUBLIC "-//W3C//DTD XHTML 1.0 Transitional//EN"
    "http://www.w3.org/TR/xhtml1/DTD/xhtml1-transitional.dtd">
<html xmlns="http://www.w3.org/1999/xhtml" xml:lang="en" lang="en">
 <head>
  <title>
</title>
<meta http-equiv="Content-Type" content="text/html;charset=utf-8" />
  <meta name='ocr-system' content='tesseract 3.04.00' />
  <meta name='ocr-capabilities' content='ocr_page ocr_carea ocr_par ocr_line ocrx_word'/>
</head>
<body>
  <div class='ocr_page' id='page_1' title='image "./entozoorumsiveve11808rudo_0011.png"; bbox 0 0 1801 3066; ppageno 0'>
   <div class='ocr_carea' id='block_1_1' title="bbox 1327 123 1392 153">
    <p class='ocr_par' dir='ltr' id='par_1_1' title="bbox 1327 123 1392 153">
     <span class='ocr_line' id='line_1_1' title="bbox 1327 123 1392 153; baseline -0.031 0"><span class='ocrx_word' id='word_1_1' title='bbox 1327 123 1392 153; x_wconf 78' lang='lat' dir='ltr'><strong>Vn</strong></span> 
     </span>
    </p>
   </div>
   <div class='ocr_carea' id='block_1_2' title="bbox 109 203 1386 2369">
    <p class='ocr_par' dir='ltr' id='par_1_2' title="bbox 109 203 1386 2369">
     <span class='ocr_line' id='line_1_2' title="bbox 121 203 1386 294; baseline -0.001 -21"><span class='ocrx_word' id='word_1_2' title='bbox 121 227 492 294; x_wconf 75' lang='lat' dir='ltr'>quinquaginta</span> <span class='ocrx_word' id='word_1_3' title='bbox 528 239 630 268; x_wconf 87' lang='lat' dir='ltr'><strong>uno</strong></span> <span class='ocrx_word' id='word_1_4' title='bbox 670 221 753 268; x_wconf 87' lang='lat' dir='ltr'><strong>die</strong></span> <span class='ocrx_word' id='word_1_5' title='bbox 789 203 990 285; x_wconf 80' lang='lat' dir='ltr'><strong>apertis,</strong></span> <span class='ocrx_word' id='word_1_6' title='bbox 1018 223 1071 266; x_wconf 88' lang='lat' dir='ltr'><strong>in</strong></span> <span class='ocrx_word' id='word_1_7' title='bbox 1098 224 1282 271; x_wconf 84' lang='lat' dir='ltr'><strong>unicae</strong></span> <span class='ocrx_word' id='word_1_8' title='bbox 1307 240 1386 272; x_wconf 76' lang='lat' dir='ltr'><strong>ve-</strong></span> 
     </span>
     <span class='ocr_line' id='line_1_3' title="bbox 118 309 1383 382; baseline -0.003 -7"><span class='ocrx_word' id='word_1_9' title='bbox 118 331 224 376; x_wconf 87' lang='lat' dir='ltr'><strong>sica</strong></span> <span class='ocrx_word' id='word_1_10' title='bbox 257 309 479 373; x_wconf 74' lang='lat' dir='ltr'><strong>urinaria</strong></span> <span class='ocrx_word' id='word_1_11' title='bbox 511 319 805 382; x_wconf 79' lang='lat' dir='ltr'><strong>Polystoma</strong></span> <span class='ocrx_word' id='word_1_12' title='bbox 841 318 1052 368; x_wconf 83' lang='lat' dir='ltr'><strong>offendi.</strong></span> <span class='ocrx_word' id='word_1_13' title='bbox 1122 322 1383 371; x_wconf 87' lang='lat' dir='ltr'><strong>Vermium</strong></span> 
     </span>
     <span class='ocr_line' id='line_1_4' title="bbox 119 419 1381 490; baseline -0.004 -18"><span class='ocrx_word' id='word_1_14' title='bbox 119 424 454 490; x_wconf 83' lang='lat' dir='ltr'><strong>complurium</strong></span> <span class='ocrx_word' id='word_1_15' title='bbox 488 422 591 468; x_wconf 79' lang='lat' dir='ltr'><strong>vita</strong></span> <span class='ocrx_word' id='word_1_16' title='bbox 627 432 702 467; x_wconf 81' lang='lat' dir='ltr'><strong>est</strong></span> <span class='ocrx_word' id='word_1_17' title='bbox 741 419 1077 484; x_wconf 80' lang='lat' dir='ltr'><strong>fugacissima,</strong></span> <span class='ocrx_word' id='word_1_18' title='bbox 1128 432 1381 467; x_wconf 77' lang='lat' dir='ltr'><strong>structura.</strong></span> 
     </span>
     <span class='ocr_line' id='line_1_5' title="bbox 116 517 1381 585; baseline -0.003 -13"><span class='ocrx_word' id='word_1_19' title='bbox 116 526 390 573; x_wconf 83' lang='lat' dir='ltr'><strong>tenerrima</strong></span> <span class='ocrx_word' id='word_1_20' title='bbox 425 523 633 585; x_wconf 82' lang='lat' dir='ltr'><strong>citoque</strong></span> <span class='ocrx_word' id='word_1_21' title='bbox 672 521 919 584; x_wconf 86' lang='lat' dir='ltr'><strong>peritura,</strong></span> <span class='ocrx_word' id='word_1_22' title='bbox 972 531 1027 565; x_wconf 90' lang='lat' dir='ltr'><strong>ut</strong></span> <span class='ocrx_word' id='word_1_23' title='bbox 1072 517 1381 568; x_wconf 84' lang='lat' dir='ltr'><strong>observandi</strong></span> 
     </span>
     <span class='ocr_line' id='line_1_6' title="bbox 116 617 1382 689; baseline -0.004 -18"><span class='ocrx_word' id='word_1_24' title='bbox 116 637 311 689; x_wconf 86' lang='lat' dir='ltr'><strong>tempus</strong></span> <span class='ocrx_word' id='word_1_25' title='bbox 345 624 429 668; x_wconf 76' lang='lat' dir='ltr'><strong>vix</strong></span> <span class='ocrx_word' id='word_1_26' title='bbox 465 620 613 666; x_wconf 80' lang='lat' dir='ltr'><strong>detur</strong></span> <span class='ocrx_word' id='word_1_27' title='bbox 646 617 916 678; x_wconf 84' lang='lat' dir='ltr'><strong>sufficiens,</strong></span> <span class='ocrx_word' id='word_1_28' title='bbox 967 617 1256 684; x_wconf 63' lang='lat' dir='ltr'><strong>easdemque</strong></span> <span class='ocrx_word' id='word_1_29' title='bbox 1293 618 1382 666; x_wconf 84' lang='lat' dir='ltr'><strong>ob·-</strong></span> 
     </span>
     <span class='ocr_line' id='line_1_7' title="bbox 115 718 1378 784; baseline -0.006 -13"><span class='ocrx_word' id='word_1_30' title='bbox 115 725 328 771; x_wconf 84' lang='lat' dir='ltr'><strong>servatio</strong></span> <span class='ocrx_word' id='word_1_31' title='bbox 364 723 562 784; x_wconf 73' lang='lat' dir='ltr'><strong>saepius</strong></span> <span class='ocrx_word' id='word_1_32' title='bbox 591 718 876 782; x_wconf 83' lang='lat' dir='ltr'><strong>repetenda</strong></span> <span class='ocrx_word' id='word_1_33' title='bbox 908 721 982 766; x_wconf 81' lang='lat' dir='ltr'><strong>sit.</strong></span> <span class='ocrx_word' id='word_1_34' title='bbox 1051 720 1378 766; x_wconf 83' lang='lat' dir='ltr'><strong>Minutissimi</strong></span> 
     </span>
     <span class='ocr_line' id='line_1_8' title="bbox 116 817 1379 886; baseline -0.003 -18"><span class='ocrx_word' id='word_1_35' title='bbox 116 821 341 886; x_wconf 85' lang='lat' dir='ltr'><strong>denique</strong></span> <span class='ocrx_word' id='word_1_36' title='bbox 364 818 520 883; x_wconf 76' lang='lat' dir='ltr'><strong>longe</strong></span> <span class='ocrx_word' id='word_1_37' title='bbox 555 817 774 882; x_wconf 77' lang='lat' dir='ltr'>plurimi,</span> <span class='ocrx_word' id='word_1_38' title='bbox 815 829 865 866; x_wconf 85' lang='lat' dir='ltr'><strong>et</strong></span> <span class='ocrx_word' id='word_1_39' title='bbox 889 818 1140 879; x_wconf 79' lang='lat' dir='ltr'><strong>majorum</strong></span> <span class='ocrx_word' id='word_1_40' title='bbox 1168 835 1379 885; x_wconf 86' lang='lat' dir='ltr'><strong>quoque</strong></span> 
     </span>
     <span class='ocr_line' id='line_1_9' title="bbox 115 917 1380 985; baseline -0.003 -18"><span class='ocrx_word' id='word_1_41' title='bbox 115 937 308 985; x_wconf 81' lang='lat' dir='ltr'><strong>organa</strong></span> <span class='ocrx_word' id='word_1_42' title='bbox 341 918 450 966; x_wconf 83' lang='lat' dir='ltr'><strong>fere</strong></span> <span class='ocrx_word' id='word_1_43' title='bbox 486 920 661 965; x_wconf 83' lang='lat' dir='ltr'><strong>omnia</strong></span> <span class='ocrx_word' id='word_1_44' title='bbox 696 929 799 964; x_wconf 82' lang='lat' dir='ltr'><strong>tam</strong></span> <span class='ocrx_word' id='word_1_45' title='bbox 833 917 1036 964; x_wconf 80' lang='lat' dir='ltr'>subtilia</span> <span class='ocrx_word' id='word_1_46' title='bbox 1070 930 1200 977; x_wconf 85' lang='lat' dir='ltr'><strong>sunt,</strong></span> <span class='ocrx_word' id='word_1_47' title='bbox 1236 931 1293 964; x_wconf 85' lang='lat' dir='ltr'><strong>ut</strong></span> <span class='ocrx_word' id='word_1_48' title='bbox 1325 920 1380 963; x_wconf 85' lang='lat' dir='ltr'><strong>in</strong></span> 
     </span>
     <span class='ocr_line' id='line_1_10' title="bbox 111 1019 1378 1086; baseline -0.002 -21"><span class='ocrx_word' id='word_1_49' title='bbox 111 1021 427 1086; x_wconf 81' lang='lat' dir='ltr'><strong>paucissimis</strong></span> <span class='ocrx_word' id='word_1_50' title='bbox 463 1019 808 1082; x_wconf 72' lang='lat' dir='ltr'><strong>microscopio</strong></span> <span class='ocrx_word' id='word_1_51' title='bbox 848 1033 1021 1064; x_wconf 87' lang='lat' dir='ltr'><strong>carere</strong></span> <span class='ocrx_word' id='word_1_52' title='bbox 1063 1019 1247 1082; x_wconf 83' lang='lat' dir='ltr'><strong>possis;</strong></span> <span class='ocrx_word' id='word_1_53' title='bbox 1293 1032 1378 1063; x_wconf 88' lang='lat' dir='ltr'><strong>oc—</strong></span> 
     </span>
     <span class='ocr_line' id='line_1_11' title="bbox 114 1115 1379 1182; baseline -0.004 -15"><span class='ocrx_word' id='word_1_54' title='bbox 114 1119 248 1167; x_wconf 82' lang='lat' dir='ltr'><strong>culta</strong></span> <span class='ocrx_word' id='word_1_55' title='bbox 282 1117 487 1166; x_wconf 84' lang='lat' dir='ltr'><strong>tandem</strong></span> <span class='ocrx_word' id='word_1_56' title='bbox 512 1117 733 1182; x_wconf 62' lang='lat' dir='ltr'><strong>plurima</strong></span> <span class='ocrx_word' id='word_1_57' title='bbox 757 1120 811 1163; x_wconf 85' lang='lat' dir='ltr'><strong>in</strong></span> <span class='ocrx_word' id='word_1_58' title='bbox 844 1119 906 1164; x_wconf 87' lang='lat' dir='ltr'><strong>iis</strong></span> <span class='ocrx_word' id='word_1_59' title='bbox 939 1117 1113 1176; x_wconf 85' lang='lat' dir='ltr'><strong>latent,</strong></span> <span class='ocrx_word' id='word_1_60' title='bbox 1148 1129 1204 1162; x_wconf 89' lang='lat' dir='ltr'><strong>ut</strong></span> <span class='ocrx_word' id='word_1_61' title='bbox 1232 1119 1285 1162; x_wconf 89' lang='lat' dir='ltr'><strong>in</strong></span> <span class='ocrx_word' id='word_1_62' title='bbox 1303 1115 1379 1162; x_wconf 79' lang='lat' dir='ltr'><strong>his</strong></span> 
     </span>
     <span class='ocr_line' id='line_1_12' title="bbox 113 1215 1373 1282; baseline -0.003 -16"><span class='ocrx_word' id='word_1_63' title='bbox 113 1219 419 1266; x_wconf 84' lang='lat' dir='ltr'><strong>extricandis</strong></span> <span class='ocrx_word' id='word_1_64' title='bbox 454 1216 668 1263; x_wconf 83' lang='lat' dir='ltr'><strong>multum</strong></span> <span class='ocrx_word' id='word_1_65' title='bbox 703 1219 948 1282; x_wconf 83' lang='lat' dir='ltr'><strong>temporis</strong></span> <span class='ocrx_word' id='word_1_66' title='bbox 984 1215 1254 1267; x_wconf 81' lang='lat' dir='ltr'><strong>terendum</strong></span> <span class='ocrx_word' id='word_1_67' title='bbox 1295 1218 1373 1262; x_wconf 81' lang='lat' dir='ltr'><strong>sit.</strong></span> 
     </span>
     <span class='ocr_line' id='line_1_13' title="bbox 238 1314 1377 1380; baseline -0.005 -14"><span class='ocrx_word' id='word_1_68' title='bbox 238 1318 316 1366; x_wconf 82' lang='lat' dir='ltr'><strong>Ab</strong></span> <span class='ocrx_word' id='word_1_69' title='bbox 354 1316 513 1364; x_wconf 85' lang='lat' dir='ltr'><strong>altera</strong></span> <span class='ocrx_word' id='word_1_70' title='bbox 546 1333 668 1363; x_wconf 86' lang='lat' dir='ltr'><strong>vero</strong></span> <span class='ocrx_word' id='word_1_71' title='bbox 696 1329 841 1380; x_wconf 85' lang='lat' dir='ltr'><strong>parte</strong></span> <span class='ocrx_word' id='word_1_72' title='bbox 865 1315 1089 1363; x_wconf 85' lang='lat' dir='ltr'><strong>studium</strong></span> <span class='ocrx_word' id='word_1_73' title='bbox 1113 1314 1250 1362; x_wconf 87' lang='lat' dir='ltr'><strong>istud</strong></span> <span class='ocrx_word' id='word_1_74' title='bbox 1275 1329 1377 1361; x_wconf 86' lang='lat' dir='ltr'><strong>nec</strong></span> 
     </span>
     <span class='ocr_line' id='line_1_14' title="bbox 109 1394 1377 1473; baseline -0.006 -10"><span class='ocrx_word' id='word_1_75' title='bbox 109 1416 328 1462; x_wconf 82' lang='lat' dir='ltr'><strong>utilitate</strong></span> <span class='ocrx_word' id='word_1_76' title='bbox 370 1394 471 1460; x_wconf 86' lang='lat' dir='ltr'><strong>nec</strong></span> <span class='ocrx_word' id='word_1_77' title='bbox 511 1411 828 1473; x_wconf 83' lang='lat' dir='ltr'><strong>jucunditate</strong></span> <span class='ocrx_word' id='word_1_78' title='bbox 873 1423 1025 1458; x_wconf 85' lang='lat' dir='ltr'><strong>caret.</strong></span> <span class='ocrx_word' id='word_1_79' title='bbox 1114 1414 1377 1459; x_wconf 86' lang='lat' dir='ltr'><strong>Vermium</strong></span> 
     </span>
     <span class='ocr_line' id='line_1_15' title="bbox 111 1488 1377 1560; baseline -0.006 -1"><span class='ocrx_word' id='word_1_80' title='bbox 111 1515 249 1560; x_wconf 85' lang='lat' dir='ltr'><strong>enim</strong></span> <span class='ocrx_word' id='word_1_81' title='bbox 284 1524 333 1558; x_wconf 86' lang='lat' dir='ltr'><strong>et</strong></span> <span class='ocrx_word' id='word_1_82' title='bbox 365 1493 613 1558; x_wconf 79' lang='lat' dir='ltr'><strong>fabricam</strong></span> <span class='ocrx_word' id='word_1_83' title='bbox 640 1521 691 1556; x_wconf 85' lang='lat' dir='ltr'><strong>et</strong></span> <span class='ocrx_word' id='word_1_84' title='bbox 713 1488 919 1557; x_wconf 51' lang='lat' dir='ltr'><strong>virendi</strong></span> <span class='ocrx_word' id='word_1_85' title='bbox 944 1511 1197 1554; x_wconf 84' lang='lat' dir='ltr'><strong>rationem</strong></span> <span class='ocrx_word' id='word_1_86' title='bbox 1232 1504 1377 1553; x_wconf 64' lang='lat' dir='ltr'><strong>indsa-</strong></span> 
     </span>
     <span class='ocr_line' id='line_1_16' title="bbox 111 1605 1375 1678; baseline -0.005 -21"><span class='ocrx_word' id='word_1_87' title='bbox 111 1610 299 1677; x_wconf 81' lang='lat' dir='ltr'><strong>gando,</strong></span> <span class='ocrx_word' id='word_1_88' title='bbox 324 1608 685 1678; x_wconf 83' lang='lat' dir='ltr'><strong>phaenomena</strong></span> <span class='ocrx_word' id='word_1_89' title='bbox 710 1606 943 1674; x_wconf 84' lang='lat' dir='ltr'><strong>plurima,</strong></span> <span class='ocrx_word' id='word_1_90' title='bbox 970 1605 1259 1671; x_wconf 80' lang='lat' dir='ltr'><strong>pathologis</strong></span> <span class='ocrx_word' id='word_1_91' title='bbox 1288 1605 1375 1652; x_wconf 91' lang='lat' dir='ltr'><strong>diu.</strong></span> 
     </span>
     <span class='ocr_line' id='line_1_17' title="bbox 113 1705 1376 1770; baseline -0.008 -10"><span class='ocrx_word' id='word_1_92' title='bbox 113 1711 346 1770; x_wconf 77' lang='lat' dir='ltr'><strong>obscura,</strong></span> <span class='ocrx_word' id='word_1_93' title='bbox 381 1707 621 1759; x_wconf 81' lang='lat' dir='ltr'><strong>facillime</strong></span> <span class='ocrx_word' id='word_1_94' title='bbox 646 1707 970 1766; x_wconf 75' lang='lat' dir='ltr'><strong>illustrantur,</strong></span> <span class='ocrx_word' id='word_1_95' title='bbox 1006 1723 1163 1754; x_wconf 87' lang='lat' dir='ltr'><strong>vanus</strong></span> <span class='ocrx_word' id='word_1_96' title='bbox 1201 1705 1376 1770; x_wconf 84' lang='lat' dir='ltr'><strong>epide-</strong></span> 
     </span>
     <span class='ocr_line' id='line_1_18' title="bbox 110 1806 1375 1877; baseline -0.004 -21"><span class='ocrx_word' id='word_1_97' title='bbox 110 1813 326 1858; x_wconf 85' lang='lat' dir='ltr'><strong>miarum</strong></span> <span class='ocrx_word' id='word_1_98' title='bbox 359 1808 741 1877; x_wconf 83' lang='lat' dir='ltr'><strong>multorumque</strong></span> <span class='ocrx_word' id='word_1_99' title='bbox 781 1806 1082 1871; x_wconf 75' lang='lat' dir='ltr'><strong>morborum</strong></span> <span class='ocrx_word' id='word_1_100' title='bbox 1121 1807 1375 1854; x_wconf 86' lang='lat' dir='ltr'><strong>vermino-</strong></span> 
     </span>
     <span class='ocr_line' id='line_1_19' title="bbox 110 1902 1374 1966; baseline -0.005 -10"><span class='ocrx_word' id='word_1_101' title='bbox 110 1902 281 1956; x_wconf 78' lang='lat' dir='ltr'><strong>sorum</strong></span> <span class='ocrx_word' id='word_1_102' title='bbox 315 1921 476 1955; x_wconf 87' lang='lat' dir='ltr'><strong>metus</strong></span> <span class='ocrx_word' id='word_1_103' title='bbox 514 1910 791 1966; x_wconf 71' lang='lat' dir='ltr'><strong>excutitur,</strong></span> <span class='ocrx_word' id='word_1_104' title='bbox 845 1919 1083 1957; x_wconf 81' lang='lat' dir='ltr'><strong>anatome</strong></span> <span class='ocrx_word' id='word_1_105' title='bbox 1119 1916 1288 1952; x_wconf 84' lang='lat' dir='ltr'><strong>autem</strong></span> <span class='ocrx_word' id='word_1_106' title='bbox 1325 1916 1374 1951; x_wconf 89' lang='lat' dir='ltr'><strong>et</strong></span> 
     </span>
     <span class='ocr_line' id='line_1_20' title="bbox 110 1991 1372 2073; baseline -0.002 -21"><span class='ocrx_word' id='word_1_107' title='bbox 110 1991 447 2073; x_wconf 61' lang='lat' dir='ltr'><strong>physiologia*</strong></span> <span class='ocrx_word' id='word_1_108' title='bbox 480 2019 777 2072; x_wconf 81' lang='lat' dir='ltr'><strong>comparata</strong></span> <span class='ocrx_word' id='word_1_109' title='bbox 824 2008 1009 2053; x_wconf 85' lang='lat' dir='ltr'><strong>mirum</strong></span> <span class='ocrx_word' id='word_1_110' title='bbox 1051 2007 1111 2050; x_wconf 42' lang='lat' dir='ltr'><strong>*in</strong></span> <span class='ocrx_word' id='word_1_111' title='bbox 1158 2004 1372 2051; x_wconf 83' lang='lat' dir='ltr'><strong>modum</strong></span> 
     </span>
     <span class='ocr_line' id='line_1_21' title="bbox 113 2103 1374 2171; baseline -0.003 -19"><span class='ocrx_word' id='word_1_112' title='bbox 113 2117 375 2170; x_wconf 80' lang='lat' dir='ltr'><strong>augentur,</strong></span> <span class='ocrx_word' id='word_1_113' title='bbox 409 2119 466 2152; x_wconf 82' lang='lat' dir='ltr'><strong>ut</strong></span> <span class='ocrx_word' id='word_1_114' title='bbox 500 2108 541 2152; x_wconf 87' lang='lat' dir='ltr'><strong>si</strong></span> <span class='ocrx_word' id='word_1_115' title='bbox 570 2105 676 2152; x_wconf 81' lang='lat' dir='ltr'><strong>ulla</strong></span> <span class='ocrx_word' id='word_1_116' title='bbox 710 2115 953 2170; x_wconf 77' lang='lat' dir='ltr'><strong>unquam,</strong></span> <span class='ocrx_word' id='word_1_117' title='bbox 988 2104 1121 2152; x_wconf 87' lang='lat' dir='ltr'><strong>haec</strong></span> <span class='ocrx_word' id='word_1_118' title='bbox 1154 2120 1277 2171; x_wconf 70' lang='lat' dir='ltr'><strong>sane</strong></span> <span class='ocrx_word' id='word_1_119' title='bbox 1303 2103 1374 2149; x_wconf 82' lang='lat' dir='ltr'><strong>hi-</strong></span> 
     </span>
     <span class='ocr_line' id='line_1_22' title="bbox 111 2200 1373 2270; baseline -0.004 -18"><span class='ocrx_word' id='word_1_120' title='bbox 111 2207 299 2252; x_wconf 83' lang='lat' dir='ltr'><strong>storiae</strong></span> <span class='ocrx_word' id='word_1_121' title='bbox 324 2204 564 2252; x_wconf 85' lang='lat' dir='ltr'><strong>naturalis</strong></span> <span class='ocrx_word' id='word_1_122' title='bbox 586 2222 706 2270; x_wconf 85' lang='lat' dir='ltr'><strong>pars</strong></span> <span class='ocrx_word' id='word_1_123' title='bbox 730 2206 1128 2270; x_wconf 86' lang='lat' dir='ltr'><strong>auspicatissima</strong></span> <span class='ocrx_word' id='word_1_124' title='bbox 1161 2205 1238 2263; x_wconf 90' lang='lat' dir='ltr'><strong>sit,</strong></span> <span class='ocrx_word' id='word_1_125' title='bbox 1270 2200 1373 2249; x_wconf 88' lang='lat' dir='ltr'><strong>cul-</strong></span> 
     </span>
     <span class='ocr_line' id='line_1_23' title="bbox 112 2295 1165 2369; baseline 0.001 -18"><span class='ocrx_word' id='word_1_126' title='bbox 112 2295 382 2369; x_wconf 72' lang='lat' dir='ltr'><strong>torumque</strong></span> <span class='ocrx_word' id='word_1_127' title='bbox 415 2303 594 2352; x_wconf 84' lang='lat' dir='ltr'><strong>labore</strong></span> <span class='ocrx_word' id='word_1_128' title='bbox 630 2304 830 2353; x_wconf 83' lang='lat' dir='ltr'><strong>assiduo</strong></span> <span class='ocrx_word' id='word_1_129' title='bbox 861 2304 1165 2368; x_wconf 56' lang='lat' dir='ltr'><strong>dignissima</strong></span> 
     </span>
    </p>
   </div>
   <div class='ocr_carea' id='block_1_3' title="bbox 239 2399 1374 2470">
    <p class='ocr_par' dir='ltr' id='par_1_3' title="bbox 239 2399 1374 2470">
     <span class='ocr_line' id='line_1_24' title="bbox 239 2399 1374 2470; baseline -0.003 -21"><span class='ocrx_word' id='word_1_130' title='bbox 239 2405 354 2467; x_wconf 86' lang='lat' dir='ltr'><strong>Ipse</strong></span> <span class='ocrx_word' id='word_1_131' title='bbox 378 2403 747 2470; x_wconf 77' lang='lat' dir='ltr'><strong>septemdecim</strong></span> <span class='ocrx_word' id='word_1_132' title='bbox 764 2420 858 2469; x_wconf 86' lang='lat' dir='ltr'><strong>per</strong></span> <span class='ocrx_word' id='word_1_133' title='bbox 889 2420 1048 2452; x_wconf 82' lang='lat' dir='ltr'><strong>annos</strong></span> <span class='ocrx_word' id='word_1_134' title='bbox 1073 2399 1374 2451; x_wconf 85' lang='lat' dir='ltr'><strong>helmintho—</strong></span> 
     </span>
    </p>
   </div>
  </div>
 </body>
</html>
