1801 3066
485 2376 515 2414 i.

565 241 686 293 (post
712 250 896 279 mortem
925 240 1134 290 expansa)
1163 240 1368 279 Taeniam
1395 239 1487 278 fieri
1512 242 1722 292 opinatur.

563 316 745 355 Filariae
781 315 858 355 sub
889 326 983 355 cute
1019 317 1225 354 Coraciae
1256 314 1491 364 Garrulae,
1523 320 1647 356 etiam
1677 332 1726 357 ex

556 391 626 431 -his
664 393 863 444 disruptis
904 401 945 430 et
983 394 1203 430 attenuatis
1232 393 1413 431 Taenias
1453 401 1564 431 ortas
1593 392 1726 447 fingit.

564 470 828 523 Cysticercus
856 466 1100 507 fasciolaris.

565 544 895 585 Observationes
916 545 969 583 ad
990 547 1245 583 anatomiam
1261 544 1566 585 lumbricorum
1586 548 1631 584 in
1645 548 1728 584 vis-

564 620 729 660 ceribus
765 624 1023 672 pertinentes
1062 621 1115 660 ad
1151 620 1483 660 confirmandam
1520 621 1727 676 hypothe-

564 698 648 744 sin,
677 697 905 736 lumbricos
934 701 978 736 in
1006 697 1233 736 visceribus
1265 712 1355 738 esse
1382 698 1538 746 larvas,
1577 712 1653 736 seu
1679 707 1727 737 ut

563 784 737 820 vocant,
779 773 996 828 Nymphas
1027 776 1274 813 taeniarum.
1300 766 1365 812 ib.
1403 790 1445 827 p.
1475 775 1670 825 46-ι48,
1699 773 1727 798 '³‘

562 849 811 888 Ascaridem
859 849 1188 889 lumbricoidem
1233 864 1327 889 cum
1367 847 1725 905 Echinorhyncho

564 926 749 979 Gigante
783 926 1016 965 confundit.

560 1002 629 1041 De
663 1000 868 1040 mustelae
902 1001 1113 1042 fluviatilis
1150 1005 1380 1054 rapacitate
1417 1014 1460 1042 et
1497 1003 1552 1041 de
1580 1003 1726 1042 taeniis

564 1081 612 1116 in
649 1077 866 1117 stomacho
903 1077 1022 1130 hujus
1061 1081 1200 1131 piscis.
1246 1080 1308 1119 Ib.
1347 1082 1398 1120 T.
1435 1084 1472 1131 4.
1509 1094 1553 1132 p.
1581 1086 1672 1132 392.
1701 1076 1728 1104 ‘k

563 1155 750 1194 Taeniae
779 1156 824 1192 in
852 1154 1159 1206 appendicibus
1190 1155 1301 1195 Gadi
1327 1157 1463 1195 Lotae
1498 1157 1668 1194 coecis..

562 1231 630 1270 De
664 1230 879 1270 lumbricis
917 1233 963 1270 in
988 1231 1171 1269 locustis.
1205 1231 1261 1270 ib.
1290 1247 1333 1285 p.
1361 1239 1450 1284 593.
1478 1236 1569 1284 594.
1598 1230 1625 1255 '¹‘
1678 1229 1730 1269 In

564 1306 758 1359 pluribus
786 1306 960 1345 locustis
991 1307 1142 1345 filarias
1173 1310 1364 1359 quinque
1392 1309 1497 1360 quin
1526 1317 1568 1345 et
1583 1306 1727 1358 plures

562 1384 747 1432 reperit,
775 1383 820 1416 in
849 1392 958 1431 aqua
984 1380 1139 1435 frigida
1166 1395 1245 1437 per
1274 1381 1436 1435 aliquot
1463 1381 1587 1420 horas
1614 1384 1728 1421 vivas

564 1465 846 1495 conservatas.

560 1534 628 1572 De
658 1533 806 1571 taeniis
836 1533 880 1570 in
898 1531 1100 1584 pisciculo
1124 1533 1341 1582 aculeato,
1375 1535 1448 1586 qui
1470 1536 1515 1571 in
1535 1532 1728 1574 Marchia
1758 1527 1759 1530 ¹

563 1607 944 1662 Brandenburgica
971 1619 1148 1647 vocatur
1175 1607 1453 1663 Stecherling.
1483 1609 1539 1648 ib.
1567 1624 1610 1662 p.
1633 1616 1727 1662 595,

563 1689 656 1739 596,
684 1686 711 1712 ἢ(
766 1668 1039 1726 ῦῆεῑετοεῑεῖ
1069 1685 1266 1725 variolosi
1309 1699 1384 1724 seu
1429 1684 1635 1735 ulcerosi,
1680 1688 1728 1726 in

565 1763 716 1816 quibus
745 1764 927 1801 Taenias
966 1761 1124 1801 solidas
1164 1764 1345 1814 reperit,
1391 1775 1501 1815 quae
1535 1765 1580 1802 in
1616 1776 1725 1816 aqua

564 1840 758 1880 fluviatili
794 1841 900 1879 duos
936 1839 1045 1878 ultra
1074 1839 1162 1878 dies
1189 1841 1351 1889 vixere,
1390 1841 1436 1878 in
1456 1838 1619 1892 puteali
1646 1849 1726 1878 sta-

566 1919 643 1956 tim
670 1927 866 1955 mortuae
895 1925 1004 1955 sunt.

564 1995 632 2032 De
663 1996 801 2031 taenia
829 1994 1024 2044 capitata.
1053 1991 1107 2030 ib.
1137 1993 1186 2030 T.
1215 1992 1283 2030 VI.
1311 2007 1354 2044 p.
1389 2005 1473 2030 121.
1501 1990 1528 2017 '¹‘
1585 1990 1634 2030 In
1659 1990 1725 2029 10-

564 2069 708 2108 bitidis
727 2071 916 2108 Taeniae
943 2070 1090 2107 Linn.
1122 2068 1348 2107 abdomine
1366 2067 1559 2122 Ligulam
1576 2069 1737 2120 (quan-1

565 2156 653 2186 tum
683 2144 783 2184 mihi
811 2145 995 2196 videtur)
1022 2147 1204 2196 reperit,
1231 2145 1345 2196 pede
1372 2144 1627 2198 longiorem,
1658 2157 1723 2182 ca-

564 2225 655 2275 pite
685 2222 924 2270 coniformi,
955 2220 1145 2269 subrufo,
1173 2224 1217 2262 in
1237 2224 1352 2274 cujus
1370 2222 1526 2261 vertice
1543 2232 1722 2272 parvum

564 2299 760 2337 foramen
789 2298 984 2350 (fovea?)
1013 2308 1114 2336 erat.

562 2375 630 2413 De
668 2377 815 2414 taeniis
846 2388 953 2428 quae
986 2377 1030 2412 in
1057 2377 1200 2427 jecore
1233 2376 1411 2427 piscium
1438 2375 1722 2421 inveniuntur,

565 2453 754 2503 inprimis
782 2465 884 2507 veijo
912 2454 958 2490 in
975 2453 1107 2491 Lucio
1135 2453 1266 2504 pisce.
1294 2450 1350 2491 ib.
1377 2465 1421 2505 p.
1445 2464 1531 2504 129.
1561 2450 1587 2475 ³<
1612 2449 1723 2488 Tae-
