1801 3066
1271 194 1350 242 4¹9

524 728 683 800 Cap.
736 730 901 781 XIX.

205 909 310 958 De
350 905 827 960 Encozoorum
873 908 1213 960 utilitate.

83 1163 196 1231 Cui
242 1191 351 1230 bono
389 1202 577 1229 entozoa
617 1201 759 1230 creata
806 1194 912 1239 sint,
959 1205 1087 1244 saepe
1129 1205 1178 1232 ex
1224 1195 1350 1235 nobis

82 1269 317 1321 quaeritur,
347 1269 424 1304 ista
455 1276 599 1303 autem
629 1268 825 1317 quaestio
856 1280 948 1305 non
977 1270 1059 1306 nisi
1089 1268 1139 1306 ab
1157 1266 1349 1317 homine,

82 1345 157 1396 qui
185 1356 228 1380 se
258 1343 486 1380 creationis
515 1340 617 1378 fines
638 1351 965 1391 penetraturum
982 1357 1071 1381 esse
1102 1352 1256 1395 sperat,
1282 1344 1350 1382 vel

83 1421 160 1471 qui
201 1420 346 1457 omnia
382 1419 447 1454 sui
488 1428 633 1454 caussa
672 1427 813 1455 creata
851 1432 938 1456 esse
981 1421 1198 1469 opinatur,
1242 1433 1351 1459 vana

80 1503 294 1532 movetur.
366 1493 549 1531 Nosmet
587 1494 633 1529 in
671 1502 783 1530 terra
832 1492 1085 1544 corporibus
1138 1498 1351 1548 organicis

79 1568 174 1620 plus
212 1571 353 1605 minus
397 1579 420 1605 a
459 1566 620 1605 fabrica
663 1577 811 1605 nostra
854 1567 999 1606 alienis
1048 1570 1349 1621 circumdatos7

80 1656 319 1696 omnesque
370 1641 523 1681 mundi
563 1644 778 1694 terraquei
814 1653 955 1693 partes
993 1641 1242 1683 habitabiles
1281 1649 1351 1684 iis-

80 1719 180 1758 dem
207 1717 421 1757 habitatas
444 1720 695 1770 reperimus,
725 1727 774 1756 ut
804 1720 877 1771 qui
903 1720 950 1756 in
970 1720 1221 1759 animalibus
1250 1724 1352 1773 ipsis

81 1795 171 1833 aliis
200 1797 358 1833 iterum
388 1807 606 1846 congruus
636 1793 811 1831 daretur
838 1793 983 1841 locus,
1013 1793 1076 1832 his
1108 1795 1353 1835 conceden-

82 1870 160 1908 dus
188 1869 331 1907 fuerit.
386 1869 489 1906 Non
517 1868 587 1906 illa
615 1869 775 1907 idcirco
803 1867 980 1917 horum,
1018 1870 1086 1908 vel
1122 1869 1226 1909 haec
1256 1872 1353 1910 illo-

80 1959 176 1983 rum
207 1957 350 1983 caussa
378 1954 478 1982 nata
507 1958 596 1982 esse
627 1944 761 1993 dicas,
805 1944 881 1983 sed.
911 1948 1078 1992 omnia,
1125 1957 1173 1983 ut
1202 1947 1353 1985 mundi

78 2018 321 2058 habitabilis
350 2019 519 2058 incolae
549 2022 646 2068 sint,
676 2033 753 2058 suo
784 2033 863 2072 pro
893 2020 994 2058 loco
1025 2020 1252 2060 faberrime
1284 2037 1353 2061 ex-

82 2106 265 2145 structa,
295 2094 368 2133 fini
397 2095 671 2133 satisfaciunt.
731 2096 887 2134 Omnia
925 2098 1038 2134 inter
1076 2110 1179 2150 ergo
1223 2112 1353 2150 quae-

83 2172 180 2210 dam
210 2171 391 2211 habetur
418 2173 555 2220 ratio,
593 2184 648 2210 ne
678 2170 856 2210 alterum
896 2174 935 2210 vi
966 2182 1039 2210 aut
1068 2186 1251 2210 numero
1285 2187 1353 2211 ex-

84 2248 264 2298 cedens,
315 2248 436 2286 alteri
464 2250 632 2285 ruinam
660 2255 806 2298 paret,
855 2246 933 2285 sibi
974 2247 1161 2299 denique
1191 2250 1353 2298 pariter

82 2323 324 2369 exitialem;
353 2324 455 2363 inde
484 2322 732 2361 animalium
767 2321 1097 2361 herbivororum
1135 2325 1258 2373 copia
1289 2326 1353 2362 ni-

81 2401 167 2437 mia
197 2401 426 2437 carnivoris
454 2399 684 2448 limitatur,
721 2398 878 2438 horum
908 2409 1050 2436 autem
1079 2397 1352 2437 foecunditas

82 2476 226 2514 minor
265 2485 350 2522 est3
397 2475 498 2513 inde
538 2485 605 2513 tot
639 2477 752 2514 inter
791 2474 988 2525 animalia
1027 2473 1128 2512 odia
1170 2472 1353 2528 flagrant

813 2550 894 2588 Dd
920 2563 947 2591 2
