1801 3066
465 208 542 261 276

465 312 612 352 rabilia
639 314 683 350 in
711 309 983 364 paragraPhis
1009 310 1354 348 antecedentibus
1379 320 1551 352 exstant.
1606 313 1655 352 In
1675 313 1737 354 his
1794 302 1796 305 ι

467 403 590 444 ergo,
623 399 662 448 et
688 387 918 442 Zoophytis
949 386 1227 439 quibusdam,
1257 387 1434 446 fortasse
1462 374 1581 434 solis,
1609 393 1740 429 nutri-

468 470 527 507 tio
564 466 773 521 quaedam
803 467 904 503 cutis
936 476 1018 515 ope
1045 463 1287 516 peragenda
1317 464 1478 502 admitti
1508 464 1650 513 debet,
1677 479 1741 504 re-

464 546 580 598 liqua
614 545 724 582 enim
751 544 860 579 inter
889 539 1110 587 animalia,
1142 539 1325 586 nullum,
1360 541 1478 593 quod
1505 541 1578 579 tali
1605 542 1738 580 modo

431 623 611 661 ·nutriri
649 627 814 671 posset,
856 618 1022 667 reperio
1048 645 1061 664 ,
1110 626 1158 654 ut
1201 616 1445 669 digestionis
1483 630 1740 672 organorum

464 706 689 750 apparatus
733 695 861 731 unico
900 702 1063 731 tantum
1101 692 1200 731 loco
1236 695 1398 744 positus
1436 695 1510 741 sit,
1555 707 1634 747 nec
1661 696 1739 734 nisi

423 764 424 767 Ἴ
463 773 543 811 cibi
572 780 649 823 per
680 785 725 809 os
757 772 929 808 assumti
960 782 1114 821 corpus
1143 771 1302 807 nutrire
1325 772 1501 821 possint,

569 848 731 886 Verum
783 847 893 885 enim
936 857 1039 884 vero
1080 845 1296 898 absorptio
1334 848 1413 885 ista
1448 847 1738 887 Entozoorum

461 936 639 965 cutanea
667 925 839 963 minime
855 921 1032 959 fortuito
1053 922 1264 970 accidere,
1295 924 1369 962 sed
1395 937 1423 961 ‘a
1448 927 1612 971 vermis,
1634 923 1737 962 dum

460 1005 582 1051 vivit,
613 1000 816 1046 arbitrio,
847 997 1147 1050 motibusque,
1191 999 1341 1052 quibus
1379 1014 1510 1052 poros
1550 1004 1735 1053 corporis

462 1077 681 1116 insensiles
712 1075 936 1113 humorem
967 1074 1157 1113 bibentes
1185 1075 1252 1112 vel
1279 1086 1434 1114 reseret
1461 1077 1526 1115 v'el
1555 1077 1735 1126 claudat,

459 1156 697 1194 necessarIo
738 1150 926 1203 pendere
972 1150 1157 1197 dicatur,
1204 1153 1283 1190 nisi
1329 1152 1564 1190 eorundem
1605 1156 1735 1192 vitam

460 1243 590 1269 coeca
617 1229 867 1266 irruentium
896 1227 1011 1265 mole
1039 1226 1157 1265 nullo
1200 1240 1289 1265 non
1330 1237 1521 1280 ternpore
1550 1232 1735 1282 opprimi

458 1320 583 1359 posse
614 1316 850 1355 supponas,
907 1302 1025 1354 quod
1056 1302 1284 1340 absurdum
1326 1304 1448 1343 foret.
1530 1305 1734 1345 Materiae

459 1391 599 1420 autem
629 1394 705 1431 per
737 1392 867 1430 poros
895 1378 963 1416 vel
1000 1392 1097 1416 vasa
1130 1377 1399 1417 absorbentia
1448 1380 1731 1432 selectionem,

457 1472 586 1513 quam
615 1455 809 1494 nonnulli
838 1464 1093 1498 statuerunt,
1127 1469 1223 1493 cum
1247 1465 1467 1495 'venenosa
1497 1457 1664 1510 quaevis
1691 1468 1731 1497 et

456 1523 631 1573 naturae
661 1535 937 1571 animantium
967 1531 1125 1578 aliena,
1171 1533 1267 1570 satis
1296 1532 1466 1571 subtilia
1495 1534 1731 1574 dummodo

455 1614 548 1657 sint,
580 1623 603 1647 a
630 1611 734 1646 vasis
765 1606 1086 1647 absorbentibus
1115 1608 1311 1660 undique
1340 1607 1608 1657 hauriantur,
1637 1611 1731 1649 nul-

454 1687 496 1725 lo
526 1689 567 1724 in
601 1684 842 1722 animalium
871 1696 1047 1737 genere,
1077 1696 1157 1721 nec
1185 1686 1229 1721 '111
1258 1683 1432 1722 homine
1454 1682 1627 1737 quidem
1657 1686 1729 1725 ad-

454 1764 620 1800 mittere
647 1760 767 1807 licet,
797 1772 881 1811 qua
911 1760 964 1797 de
989 1773 1036 1797 re
1066 1760 1148 1798 alio
1177 1759 1275 1798 loco
1309 1763 1385 1813 egi.

559 1837 844 1874 Wernerus
875 1836 1016 1883 (Brev.
1048 1835 1230 1886 Exposit.
1259 1850 1301 1887 p.
1327 1837 1418 1888 50.)
1449 1837 1637 1877 Taeniae
1663 1852 1726 1878 ar-

452 1912 677 1951 ticulorum
722 1919 915 1948 naturam
960 1909 1150 1949 villosam
1202 1919 1328 1966 atque
1385 1926 1576 1965 asperam
1622 1929 1727 1963 esse,

453 2001 673 2040 utramque
701 1999 802 2024 vero
830 1989 1132 2037 proprietatem
1159 1996 1274 2026 tactu
1302 1990 1478 2042 visuque
1508 1994 1721 2044 cognosci,

454 2077 627 2118 tamque
664 2071 924 2116 cons-tantem
965 2066 1130 2110 asserit,
1175 2073 1223 2102 ut
1257 2073 1357 2116 post
1386 2064 1567 2118 aliquam
1597 2068 1722 2104 etiam

451 2143 778 2182 macerationem
806 2141 885 2190 ipsi
913 2139 1020 2186 vini,
1052 2142 1125 2192 qui
1153 2139 1382 2178 inhalantia
1420 2150 1460 2179 et
1488 2140 1721 2181 exhalantia

449 2232 545 2258 vasa
574 2217 787 2262 videntur,
829 2213 968 2252 adime
1005 2206 1165 2266 optime
1194 2218 1527 2267 conspiciantur:
1574 2218 1720 2258 sedin

452 2292 706 2334 animalculis
748 2293 1039 2329 recentissimis
1084 2300 1125 2329 et
1165 2293 1289 2339 vivis,
1318 2292 1570 2333 >dummodo
1609 2308 1719 2348 aqua

451 2370 618 2415 ablutis,
656 2367 774 2406 vilios
797 2352 912 2404 vtales
946 2380 1165 2419 nunquam
1192 2370 1382 2420 reperio:
1420 2372 1454 2408 si
1490 2372 1614 2408 nimis
1642 2371 1716 2409 diu

450 2456 589 2485 autem
626 2444 763 2483 eidem
793 2456 927 2494 aquae
964 2445 1138 2481 immissi
1174 2442 1314 2492 fuere,
1352 2428 1738 2497 mucoris'specie·

450 2522 728 2576 obteguntur,
770 2528 839 2557 aut
876 2520 909 2556 si
945 2521 1067 2558 nimis
1098 2521 1179 2557 cito
1220 2520 1385 2570 spiritui
1412 2522 1496 2560 vini
1524 2523 1715 2561 commit-
