1801 3066
1254 179 1332 228 479

61 277 250 319 motibus
280 279 432 319 nimiis,
464 279 583 314 variis
612 288 660 313 ex
687 278 840 313 caussis
862 278 1064 324 oriundis,
1091 278 1334 334 lipothyrni-

64 368 129 393 am
162 364 202 392 et
231 352 520 400 convulsiones
549 351 703 389 subitas
732 362 1038 403 nonnunquam
1066 360 1187 394 cient,

141 430 361 479 Ejusmodi
389 427 634 466 morborum
667 429 786 480 origo
817 427 951 464 subita
981 439 1020 465 et
1048 442 1143 481 pos-t
1171 447 1332 473 vermes

64 514 250 544 excretos
275 505 340 543 vel
368 507 556 542 remissio
597 504 661 541 vei
698 507 899 550 cessati0‚
938 518 960 542 a
998 508 1204 546 vermibus
1243 523 1334 548 eos—

63 582 158 620 'dem
186 582 450 633 pependisse,
482 595 581 619 vero
612 581 745 619 simile
773 581 935 627 reddit,
971 583 1048 618 nisi
1087 593 1226 621 autem
1254 595 1334 625 tra-

64 668 154 698 ctus
182 659 422 696 intestinalis
461 661 706 710 ceteroquin
741 670 863 694 sanus
902 666 941 695 et
979 658 1155 712 digestio
1192 660 1335 702 illaesa

63 736 296 782 videantur,
326 734 531 773 certitudo
561 738 624 770 vix
655 733 846 772 habetur.
902 734 1086 774 simulac
1106 739 1217 774 enirn
1237 740 1336 776 isto-

63 824 157 849 rum
186 811 352 849 indoles
381 813 517 848 vitiata
548 820 622 859 est,
655 824 794 849 annon
816 810 917 849 haec
935 815 1076 863 potius
1095 814 1204 852 mala
1226 828 1336 868 sym·

65 893 296 940 ptomatica
323 891 669 940 provocaverint,
709 887 879 925 dubium
912 891 1065 935 oritur,
1103 902 1154 927 eo
1193 890 1337 929 diffici-

66 965 144 1003 lius
175 964 480 1007 excmiendum,
513 964 599 1016 quo
620 967 785 1014 saepius
813 976 973 1001 verme-s
994 964 1059 1003 vel
1081 969 1237 1004 innoxii
1267 968 1337 1006 ad·

68 1044 164 1088 sint,
194 1040 259 1078 vel
288 1043 330 1078 in
359 1041 511 1078 morbo
542 1051 590 1077 ει*-
622 1042 670 1075 iis
701 1052 787 1077 non
819 1040 1046 1090 pendente,
1075 1041 1140 1079 vel
1168 1043 1244 1082 sub
1273 1053 1337 1082 tu-

68 1117 112 1156 bi
142 1117 283 1155 cibarii
311 1125 419 1154 statu
451 1114 664 1153 asthenico
695 1118 897 1154 oriantur.

145 1192 472 1242 Ecclampsiam,
511 1191 788 1242 Epilepsiam,
833 1190 1041 1231 Choream
1070 1193 1208 1232 Sancti
1236 1196 1335 1245 Viti,

64 1279 110 1325 'et
131 1282 239 1321 quae
263 1268 468 1317 ejusmodi
489 1276 583 1304 sunt
611 1268 805 1318 plurima,
835 1267 1005 1305 ulterius
1029 1282 1252 1320 exponere,
1273 1274 1338 1312 vel

70 1357 218 1385 omnes
260 1343 432 1381 morbos
469 1346 758 1394 spasmodicos
796 1342 892 1381 hinc
929 1343 1029 1381 ind-e
1069 1346 1119 1383 ab
1149 1352 1336 1389 entozois

72 1424 269 1460 excitatos
299 1423 405 1457 visos
436 1432 695 1467 enumerare,
726 1424 899 1458 omnino
930 1420 999 1459 abs
1036 1435 1082 1460 re
1115 1424 1238 1463 foret.
1295 1426 1338 1464 Si

69 1497 159 1535 talis
187 1509 288 1534 vero
318 1494 417 1532 mali
452 1496 546 1533 fons
583 1495 701 1541 latet,
753 1510 805 1535 an
848 1507 888 1535 et
922 1512 1077 1537 vermes
1115 1504 1340 1542 accusandi

68 1576 251 1615 veniant,
280 1575 502 1623 inquirere,
530 1573 748 1622 prudeniis
778 1582 819 1611 et
847 1576 1135 1627 circumspecti
1171 1591 1338 1632 semper

71 1654 147 1689 erit
178 1648 343 1686 medici.

147 1723 324 1764 Morbos
352 1722 694 1762 inflammatorios
722 1730 844 1763 ver'os
870 1740 891 1764 a
913 1727 1124 1767 vermibus
1152 1743 1340 1783 unquam

72 1811 215 1841 enatos
243 1812 342 1843 esse,
372 1801 435 1835 vix
463 1800 736 1844 crediderim3
776 1811 823 1839 ut
850 1809 1015 1854 spurios
1055 1809 1222 1856 potius,
1265 1823 1338 1847 seu

72 1877 181 1915 male
208 1879 531 1925 interpretatos,
562 1883 601 1913 et
629 1866 914 1927 spasmodicos
945 1882 1138 1932 quidem,
1170 1885 1337 1925 medico

74 1963 214 1993 autem
243 1954 377 1989 minus
393 1950 572 1989 sollicito
588 1951 929 1993 inflammatorios
954 1960 1074 2002 visos,
1097 1959 1222 1997 fuisse
1240 1975 1338 2000 con-

73 2030 290 2071 tenderim.
346 2027 440 2064 Hoc
469 2037 552 2065 tam
569 2030 623 2066 de
643 2030 1020 2085 pleni-itide‚quam
1042 2033 1097 2072 de
1118 2035 1205 2073 aliis
1233 2050 1338 2075 rnor-

75 2106 137 2144 bis
166 2107 406 2143 verminosis
436 2108 663 2157 antiquitus
693 2111 870 2159 receptis
900 2109 1021 2147 valet.

135 2181 270 2220 ‘'Idem
297 2181 383 2219 fere
411 2183 462 2220 de
498 2182 683 2220 h-bmbus
720 2184 959 2227 dicendum.
1016 2187 1154 2226 Febris
1190 2193 1340 2228 vermi·

76 2270 178 2296 nosa
206 2269 294 2295 non
333 2259 466 2305 datur,
508 2269 555 2297 ut
582 2262 637 2297 in
678 2261 949 2314 paragraphis
990 2265 1338 2314 praecedentibus

76 2337 236 2380 monui,
265 2335 340 2372 sed
366 2337 409 2372 in
437 2335 768 2374 scrofulosorum
797 2338 903 2375 febri
932 2351 1091 2377 vermes
1113 2354 1240 2393 saepe
1269 2357 1340 2396 ap-

70 2414 242 2464 parent,
273 2412 456 2463 indeque
484 2412 593 2450 himc
613 2413 948 2465 frequentissime
968 2420 1246 2457 verminosam
1268 2434 1340 2459 vo-

80 2497 241 2528 carunt.
296 2486 490 2526 Ceterum
518 2497 604 2527 tarn
631 2489 709 2529 sub
728 2490 837 2528 febri
852 2493 1095 2531 remittente
1114 2507 1240 2547 quam
1261 2497 1338 2536 sub
