1801 3066
456 174 534 214 226

457 295 498 333 p.
526 279 633 331 584.)
661 276 891 333 iigamenta
917 279 1077 319 isthaec
1105 274 1219 319 haud
1244 277 1399 332 procu]
1428 295 1450 321 a
1479 276 1615 335 capite
1643 295 1727 326 ter-

458 359 606 397 minari
645 355 801 405 credit,
850 356 926 395 sed
964 365 1192 408 tantopere
1227 370 1459 411 progressa
1496 373 1588 399 non
1624 344 1725 413 vidi,

456 446 503 477 ut
531 449 554 474 a
582 433 692 473 fibris
725 434 868 484 potius
906 434 1100 484 corporis
1127 434 1440 484 posterioribus
1479 436 1726 487 derivarem.

457 511 624 554 Collum
661 520 885 563 praeterea
923 512 968 547 in
1003 507 1282 562 quibusdam,
1328 521 1376 549 ut
1411 515 1456 551 in
1485 515 1644 565 Capitis
1673 514 1728 555 V.

452 596 487 645 §.
516 604 550 628 2.
579 590 750 636 monui,
779 588 1068 625 tenuissimum
1098 595 1140 624 et
1166 584 1365 625 filiforme
1392 587 1630 642 ligamentis
1658 603 1749 630 re-‘

454 666 657 720 cipiendis
685 675 774 702 non
801 662 1031 711 idoneum,
1058 676 1140 701 nec
1167 665 1210 700 in
1239 675 1449 715 corpore,
1488 679 1512 703 a
1537 665 1725 720 reliquis,

452 741 700 797 quibuscum
726 740 980 786 miscentur,
1008 737 1143 788 fibris,
1175 739 1375 794 distingui
1403 751 1594 793 possunt.
1635 741 1727 782 Fila

451 817 608 858 isthaec
635 825 717 853 nec
744 813 956 853 veteribus
985 815 1201 868 incognita
1229 815 1367 865 fuere,
1398 830 1552 869 corpus
1583 828 1725 857 autem

451 893 576 949 quale
617 893 860 932 Goezius
903 890 1203 944 (Naturgesch.
1239 906 1279 944 p.
1311 906 1403 933 201.
1443 892 1547 932 Tab.
1587 893 1722 932 XVII.

449 974 493 1011 B.
522 972 608 1024 Fig.
638 971 699 1021 7.)
741 970 786 1005 in
818 967 1061 1019 Cyscioerci
1088 969 1222 1020 (suis)
1249 969 1428 1019 globosi
1454 972 1619 1010 vesicae
1646 972 1723 1022 ini-

449 1051 508 1088 tio
539 1046 798 1085 delineatum
830 1045 960 1092 sistit,
987 1057 1205 1096 nunquam
1232 1045 1334 1094 vidi,
1366 1055 1407 1085 et
1428 1041 1631 1085 fibrarum
1653 1060 1722 1085 ex-

446 1132 674 1177 pansarum
719 1122 1034 1172 separationem
1080 1119 1338 1160 artificialem
1379 1131 1421 1160 et
1458 1120 1722 1160 arbitrariam

449 1201 647 1238 dicerem.

525 1277 676 1313 Vesica
713 1282 904 1321 externa,
953 1286 1037 1325 qua
1067 1273 1331 1327 Cysticercus
1362 1277 1626 1324 continetur,
1677 1284 1720 1314 et

447 1353 502 1390 de
531 1364 614 1404 qua
643 1353 686 1387 in
717 1336 818 1400 Cap,
848 1348 959 1386 XVI.
989 1352 1021 1398 §.
1051 1352 1088 1398 4.
1120 1362 1267 1402 agam,
1311 1349 1511 1398 dissecta,
1549 1353 1718 1392 interna

445 1441 520 1466 seu
560 1427 713 1465 vermis
753 1426 882 1476 ipsius
914 1425 1051 1479 Cystis
1084 1424 1269 1464 caudalis
1305 1439 1414 1478 aqua
1441 1425 1622 1477 limpida
1650 1439 1719 1465 re-
1775 1437 1781 1446 ³

442 1504 576 1552 ferta,
607 1515 793 1552 corpore
820 1510 1031 1550 retracto,
1073 1501 1273 1540 nucleum
1303 1504 1422 1555 quasi
1449 1516 1525 1541 seu
1550 1513 1717 1555 partem

444 1576 759 1618 crassiusculam
790 1587 831 1615 et
860 1591 1038 1628 opacam
1069 1580 1113 1615 in
1143 1577 1294 1616 eadem
1319 1577 1551 1626 efficiente,
1591 1592 1716 1630 repe-

443 1658 560 1694 ritur.
625 1654 773 1705 Aquae
810 1653 982 1704 tepidae
1018 1655 1201 1691 immissa
1239 1655 1380 1691 vesica
1410 1653 1593 1692 caudalis
1622 1667 1714 1692 mo-

443 1742 530 1770 tum
559 1729 646 1768 edit
673 1728 1015 1775 unduiatorium3
1055 1728 1303 1783 elongatur,
1331 1729 1465 1768 fundo
1495 1740 1714 1769 contracta

443 1817 682 1847 antrorsum
713 1803 893 1856 amplior
923 1805 1076 1854 evadit,
1106 1820 1290 1859 parsque
1319 1807 1513 1857 corporis
1541 1808 1713 1845 retracti

441 1883 557 1922 foras
588 1883 813 1926 emittitur3
859 1890 994 1919 totum
1023 1884 1057 1919 si
1087 1885 1219 1920 emitti
1249 1881 1376 1921 debet
1403 1895 1584 1934 corpus,
1612 1896 1711 1934 pars

442 1963 531 2013 ejus
559 1967 772 2011 protracta
800 1960 966 2009 postice
1002 1957 1290 2006 contrahitur,
1338 1969 1577 1998 antrorsum
1606 1958 1711 1998 dila·

442 2046 578 2086 tatur,
625 2044 672 2073 ut
699 2047 811 2072 nova
847 2047 944 2085 pars
971 2035 1169 2086 protrudi
1208 2045 1359 2088 queat,
1403 2045 1445 2073 et
1472 2037 1531 2073 sic
1555 2048 1707 2086 porro,

440 2125 576 2165 usque
606 2111 707 2150 dum
736 2119 862 2161 caput
888 2111 1199 2164 progrediatur.
1262 2111 1358 2149 Hoc
1386 2124 1487 2151 vero
1518 2125 1614 2149 cum
1640 2125 1708 2150 ra-

440 2190 526 2227 rius
555 2187 613 2236 fit,
644 2189 834 2239 corporis
865 2189 1004 2225 emissi
1031 2197 1195 2240 partem
1222 2189 1428 2238 posticam
1447 2187 1706 2239 premendo,

441 2267 697 2303 anteriorem
727 2277 821 2301 cum
859 2266 994 2316 capite
1021 2276 1347 2316 promovemus,
1393 2277 1536 2303 verme
1566 2274 1705 2304 autern

438 2343 484 2379 in
511 2343 659 2392 spiritu
696 2343 782 2379 vini
811 2339 965 2378 diutius
997 2348 1209 2379 asservato
1249 2352 1330 2378 nec
1356 2341 1578 2391 pressione
1607 2343 1704 2381 arti-

439 2416 563 2456 ficiali
588 2417 787 2468 protrudi
813 2426 966 2468 potest.
1012 2414 1256 2454 Retrahitur
1286 2426 1423 2454 autem
1445 2415 1526 2473 hoc
1545 2418 1703 2456 modo:

439 2496 604 2534 vesicae
630 2507 727 2546 pars
757 2496 893 2532 antica
921 2501 1173 2546 corrugatur
1193 2502 1234 2532 et
1252 2502 1489 2532 retrorsum
1518 2493 1699 2544 ducitur,
