1801 3066
461 179 537 224 178

459 270 656 324 scalpelli
676 272 820 319 dorso,
848 272 914 312 vel
929 272 1118 325 penicilli
1141 286 1225 325 ope
1249 274 1522 322 amovendus,
1549 275 1617 314 vel
1642 290 1736 329 par-

459 358 520 387 tes
550 332 737 387 minores
767 361 904 401 aquae
922 350 1230 398 immittendae,
1260 352 1392 403 inque
1415 340 1738 400 eadem-fluctu-

458 434 574 463 antes
613 435 653 464 et
686 425 878 464 detersae
903 428 1070 463 -iterum
1107 430 1408 471 examinentur;
1449 427 1559 480 aqua
1595 438 1734 467 autem

456 501 593 540 infusa
625 504 816 555 guttatim
854 501 1154 551 defundenda,
1203 516 1299 540 cum
1339 516 1465 555 saepe
1500 506 1545 542 in
1584 505 1734 543 eadem

455 579 614 629 pariter
641 578 899 617 delitescant.

534 639 727 692 Entozoa
754 654 944 707 partibus
974 667 1065 694 non
1093 669 1188 693 raro
1217 657 1482 694 tenacissime
1498 655 1732 704 inhaerent,

453 728 520 768 vel
555 732 667 768 inter
702 744 841 770 earum
877 734 1034 770 tunicas
1072 742 1260 770 externas
1301 734 1412 769 varie
1449 742 1641 771 contorta
1674 735 1733 784 ja-

455 817 571 853 cent,
600 806 669 844 vel
697 806 769 847 has
799 808 1034 859 perforatas
1062 810 1271 854 retinent,
1300 817 1349 845 ut
1376 810 1544 847 incaute
1571 819 1730 849 semota

453 883 736 935 disrumpant,
774 884 891 922 unde
918 884 1202 936 plurimorum
1230 890 1406 932 natura,
1449 886 1732 940 Taeniaeq'ue

453 969 581 1011 caput
597 959 771 999 Veteres
802 961 876 999 diu
904 961 1045 1006 latuit;
1073 971 1194 1013 parte
1224 971 1376 1007 autem,
1408 964 1475 1000 cui
1497 961 1729 1008 inhaerent,

451 1049 588 1089 aquae
615 1037 784 1088 tepidae
803 1040 1003 1082 immissa,
1026 1051 1187 1076 vermes
1210 1047 1282 1076 aut
1304 1048 1456 1090 sponte
1480 1037 1730 1085 abscedunt,

451 1126 588 1165 aquae
619 1116 862 1161 innataturi,
894 1124 964 1153 aut
991 1115 1154 1153 facilius
1184 1115 1417 1161 solvuntur,
1449 1115 1567 1168 quod
1587 1117 1622 1153 si
1639 1127 1728 1152 non

448 1190 660 1236 succedit,
701 1190 850 1229 eadem
883 1191 951 1229 vel
981 1191 1137 1230 cultelli
1173 1194 1373 1230 tenuioris
1411 1194 1628 1239 acumine,
1663 1190 1726 1230 vel

449 1277 528 1303 acu
557 1267 743 1317 ancipite
773 1269 1046 1306 circumcirca
1074 1268 1293 1311 findenda,
1327 1267 1394 1306 vel
1422 1269 1567 1306 manui
1594 1270 1728 1320 impo-

448 1343 525 1379 sita
557 1351 679 1379 caute
709 1342 1001 1389 discindenda,
1034 1343 1171 1382 donec
1201 1354 1327 1395 caput
1353 1344 1523 1382 infixum
1550 1345 1616 1384 vel
1633 1360 1729 1396 pera

446 1417 630 1455 forando
658 1415 883 1456 inhaerens
911 1418 1094 1458 liberum
1122 1418 1339 1457 reddatur.
1396 1419 1620 1459 Vermibus
1659 1434 1728 1459 au·
1767 1471 1776 1476 -

446 1502 545 1541 tem,
576 1494 696 1547 qnod
719 1497 963 1546 saepissime
981 1496 1144 1542 accidit,
1172 1496 1381 1534 vesiculae
1409 1497 1594 1543 inclusis,
1622 1496 1727 1536 haec

444 1582 649 1620 suspensa
676 1583 807 1609 manu
837 1571 993 1610 cultelli
1023 1572 1089 1610 vel
1115 1572 1270 1611 forficis
1299 1585 1383 1623 ope
1415 1572 1491 1610 sub
1523 1584 1633 1626 aqua
1660 1575 1723 1612 in-

444 1645 620 1683 cidatur.
664 1647 806 1685 Partes
834 1660 934 1686 vero
965 1648 1173 1698 ejusmodi
1202 1651 1435 1687 teneriores
1463 1663 1518 1688 ne
1549 1647 1724 1688 laedam

445 1723 628 1769 tur,„in
661 1723 813 1762 iisdem
849 1723 1098 1780 arripiendis
1135 1723 1298 1776 forcipe
1333 1734 1433 1764 utor
1469 1728 1722 1774 anatomica,

443 1801 560 1849 cujus
588 1799 772 1838 laminae
799 1802 845 1839 in
874 1799 1067 1850 cuspides
1097 1802 1357 1838 tenuissimas
1387 1802 1594 1841 desinunt.

522 1874 649 1914 Plura
681 1876 838 1915 addere
867 1874 1124 1927 superfluum
1152 1877 1339 1924 videtur,
1367 1877 1414 1916 id
1442 1887 1604 1918 tantum
1631 1893 1720 1918 mo·

441 1964 592 2000 neam,
619 1965 774 2005 magno
803 1954 1052 2006 neutiquam
1082 1963 1309 2005 apparatu,
1346 1956 1421 2006 sed
1448 1968 1577 2005 manu
1607 1952 1719 1996 exer-

444 2030 569 2067 citata
606 2041 713 2081 opus
752 2041 861 2076 esse,
900 2039 940 2068 et
978 2031 1189 2082 quaslibet
1219 2031 1485 2073 difficultates
1513 2036 1718 2085 patientia

441 2107 561 2145 vinci.
1186 2100 1189 2105 ¹

1021 2235 1057 2284 ς.
1099 2245 1138 2277 2.

637 2319 728 2362 De
768 2319 1189 2363 Encozooram
1227 2324 1519 2367 examine.

521 2411 695 2452 Vermes
730 2416 888 2466 reperti
920 2416 1113 2465 patinae,
1155 2417 1188 2454 si
1225 2412 1313 2455 fieri
1350 2426 1515 2468 potest,
1557 2419 1713 2471 nigrae,

442 2501 552 2540 aqua
579 2489 768 2541 repletae
786 2491 882 2528 sine
900 2500 1022 2529 mora
1046 2493 1299 2533 immittendi
1329 2503 1439 2543 sunt,
1470 2491 1576 2533 aeris
1599 2496 1709 2533 enim
