1801 3066
1240 135 1242 137 ’
1288 140 1362 181 277

103 229 272 282 unitur,
309 248 453 274 mucus
483 235 540 277 eis
579 231 779 270 adhaeret
805 232 1071 279 intestinalis;
1108 234 1232 286 quale
1262 234 1365 287 quid

101 311 152 351 cI.
192 315 280 348 viro
316 311 565 362 imposuisse
603 306 865 344 crediderim.
929 307 1255 349 Absorbentium
1293 324 1364 361 ap-

97 399 288 440 paratum
334 390 377 423 in
419 382 665 435 corporibus
711 391 987 421 entozoorum
1032 386 1193 434 pusillis
1225 387 1361 439 digitis

100 467 234 517 tangi,
284 460 501 513 oculisque
547 459 670 497 nudis
710 460 897 510 conspici
924 472 1073 510 posse,
1094 460 1221 498 fidem
1251 472 1365 500 certe

98 549 234 592 eoque
262 540 389 590 magis
437 545 628 588 superat,
676 549 761 587 quo
809 534 1071 574 subtiliorem
1098 538 1143 576 in
1177 540 1366 576 maximis

91 613 416 668 'quibuscunque
446 613 584 653 bestiis
615 612 774 663 experti
802 613 939 649 simus.

535 789 688 858 cap.
731 788 904 839 XIII.

135 919 227 968 De
273 911 621 988 genitalibus
676 931 796 968 [am
856 921 1096 968 externis
1148 933 1321 987 [jacam

598 1029 847 1075 internis.

196 1147 253 1186 Ut
279 1149 324 1198 in
350 1147 546 1200 reliquis,
595 1149 647 1187 de
685 1149 834 1201 quibus
875 1146 940 1201 egi
967 1145 1180 1199 partibus,
1230 1147 1289 1183 sic
1316 1146 1361 1184 in

93 1225 177 1262 istis
207 1226 476 1276 praeprimis,
508 1224 745 1276 dequibus
775 1227 858 1275 jam
888 1232 1054 1261 acturus
1083 1235 1197 1268 sum,
1229 1221 1362 1259 diver-

92 1303 187 1338 sitas
217 1313 380 1338 summa
417 1299 602 1347 obtinet,
641 1308 689 1336 ut
719 1301 859 1336 omnia
888 1299 1172 1338 enumerando
1203 1300 1362 1349 specie-

91 1389 187 1414 rum
216 1376 478 1422 discrimina,
508 1373 589 1413 huc
626 1374 841 1422 facientia,
878 1377 1000 1413 nimis
1028 1373 1359 1428 longus'forem,

93 1461 136 1490 et
170 1451 272 1490 haec
308 1451 512 1490 volumini
540 1449 743 1495 secundo,
783 1452 1009 1488 earundem
1058 1451 1360 1501 descriptiones

92 1527 312 1574 oblaturo,
350 1540 558 1565 reservem
590 1533 798 1576 oporteat.
864 1525 1134 1580 Singulorum
1165 1538 1263 1578 ergo
1294 1539 1360 1563 or-

92 1604 239 1642 dinum
267 1615 554 1656 generumque
588 1600 816 1648 fabricam,
864 1615 947 1653 qua
981 1601 1070 1639 fieri
1098 1609 1240 1653 potest
1268 1599 1360 1640 bre-

88 1682 212 1720 vitate
243 1691 470 1730 exponam,
507 1687 549 1718 et
575 1677 785 1733 generalia
814 1677 987 1716 demum
1016 1677 1224 1732 colligam.

654 1799 690 1847 ς.
748 1809 784 1839 1.

356 1882 798 1926 Nemacoideorum
847 1883 1099 1940 genitalia.

197 1990 577 2030 Nematoicleorum
616 2003 756 2028 mares
777 1989 977 2042 femellis
1012 1989 1146 2027 multo
1176 1989 1353 2026 rariores

92 2073 238 2133 §saepe
265 2068 503 2118 rarissimi),
534 2065 658 2105 simul
687 2078 785 2105 vero
817 2075 858 2103 et
885 2068 1097 2104 tenuiores
1129 2075 1169 2104 et
1196 2065 1355 2103 brevio-

88 2158 168 2192 res,
197 2158 321 2196 saepe
350 2142 511 2181 caudae
540 2146 659 2194 apice
686 2141 853 2190 inflexo,
881 2142 947 2181 vel
973 2141 1144 2196 genitali
1166 2150 1352 2189 externo,

90 2222 136 2259 in
161 2220 348 2271 plurimis
376 2219 637 2271 prominulo,
666 2221 860 2272 insignes.

194 2295 242 2332 A.
277 2287 339 2332 Ab
376 2294 600 2333 Ascaride
628 2304 669 2334 et
698 2295 868 2348 quidem
896 2293 1215 2337 lumbricoide,
1265 2302 1353 2331 tam

89 2371 377 2424 wulgatissima.
424 2385 551 2424 quam
603 2374 839 2410 examinata
882 2370 1080 2410 facillima
1132 2372 1350 2421 incipiam,

93 2446 370 2499 ejusdemque
395 2447 553 2487 fabrica
569 2449 738 2487 uberius
760 2450 967 2501 exposita,
995 2447 1251 2501 reliquarum
1267 2455 1353 2483 tan-
