1801 3066
448 276 724 325 Schweineri‘,
756 274 841 315 'den
869 273 1361 332 Vieharzneykundigen
1387 279 1544 319 nfitzen
1569 278 1678 321 kon-

449 367 564 404 nen,
598 367 685 396 von
710 351 815 392 Joh.
847 352 986 392 Carl.
1017 352 1268 392 Gottlieb
1306 354 1541 395 Henzen.
1571 357 1679 397 Got-

447 434 595 485 tingen
620 430 712 470 und.
739 429 915 469 Stendal
945 436 1056 480 1731.
1093 436 1183 481 545.
1221 444 1262 482 p.
1289 438 1326 476 3
1355 431 1382 456 *
1448 431 1577 471 Liber
1610 448 1678 473 ce·

447 510 652 560 teroquin
679 505 842 553 bonus,
884 508 1038 557 scripta
1074 503 1449 561 helminthologica
1475 511 1678 560 paucissi-

445 599 515 623 ma
545 593 708 622 tantum
743 582 886 620 refert.

392 667 431 706 5.
460 657 726 700 Bibliotheca
744 655 1136 710 helmimhologica,
1153 672 1228 698 seu
1248 663 1513 700 enumeratio
1531 673 1676 702 aucto·

446 751 564 785 rum,
594 738 667 788 qui
695 734 750 772 de
780 732 1028 780 Vermffius,
1070 733 1230 773 scilicet
1260 738 1522 790 cryptozois‚
1555 752 1677 793 gym—

446 813 637 858 nodelis‚
667 812 858 850 testaceis
889 820 1016 862 atque
1040 807 1286 870 phytozois,
1316 823 1400 850 tam
1423 815 1524 852 vivis
1547 827 1674 867 quam

445 889 713 943 petz-ificatis,
744 890 1022 939 scripserunt,
1053 887 1166 925 edita
1197 888 1248 926 ab
1283 888 1536 941 Adolpho
1566 891 1674 930 Moa

447 967 590 1005 deer.
619 963 831 1017 Erlangae
863 961 983 1014 1786.-
1004 962 1093 1009 226.
1121 976 1165 1015 p.
1191 970 1231 1011 8.
1258 964 1284 989 ⁴*
1353 965 1491 1004 hiulta
1518 964 1602 1005 hoc
1629 969 1672 1006 in

444 1041 663 1083 volumine
703 1038 908 1086 collecta,
970 1052 1019 1077 ex
1058 1038 1200 1079 diariis
1244 1042 1369 1079 etiam
1406 1045 1671 1093 passimflex·

445 1129 616 1171 cerpta,
671 1116 746 1155 sed
774 1116 925 1154 ordine
962 1118 1178 1167 pessimo,
1235 1115 1508 1169 alphabetico
1545 1099 1670 1171 puta,

431 1194 611 1239 oblata:
665 1195 794 1232 nimia
830 1190 898 1231 vel
934 1190 1169 1244 sphalmata
1212 1192 1282 1232 vel
1327 1206 1496 1233 errores
1543 1197 1588 1234 in
1623 1195 1672 1234 li-

440 1271 522 1310 bro
561 1268 869 1309 conscribendo
916 1272 1152 1316 commissi:
1205 1269 1412 1322 judicium
1455 1283 1555 1310 raro
1597 1272 1672 1311 ad-

419 1350 592 1399 ]ectum
622 1356 696 1384 est

386 1423 425 1464 6.
456 1425 640 1476 C-eorg
678 1418 932 1475 Rudolph
969 1421 1216 1463 Bohmer'
1227 1436 1246 1462 s
1276 1422 1594 1477 systematisch-
1575 1423 1671 1463 -lit-

438 1496 689 1539 terarisches
717 1495 955 1535 Handbuch
984 1498 1063 1536 der
1090 1497 1493 1551 Naturgeschichte,
1528 1498 1670 1538 Oeco-

437 1575 585 1614 nomie
624 1571 715 1610 und
762 1571 946 1610 auderet·
991 1572 1123 1611 damit
1162 1574 1442 1612 verwandten
1474 1573 1670 1612 *wissen-

439 1647 634 1689 schaften
673 1647 763 1687 und
797 1647 970 1687 Kt'inste.
1051 1648 1151 1687 Sive
1181 1647 1451 1688 Bibliotheca
1488 1651 1668 1700 scripto-

417 1739 534 1765 rrum
562 1723 778 1764 Historiae
812 1722 1043 1763 naturalis(
1063 1725 1108 1764 P.
1134 1724 1166 1763 I.
1199 1725 1292 1764 Vol.
1328 1740 1358 1763 1.
1388 1739 1425 1763 2.
1479 1725 1668 1776 Scripto-

438 1815 508 1841 res
543 1800 777 1855 generales.
822 1801 864 1838 P.
893 1799 943 1838 ΙΙ.
994 1799 1090 1839 Vol.
1127 1814 1156 1839 1.
1188 1814 1222 1838 2.
1279 1800 1477 1853 Zoologi.
1521 1803 1564 1840 P.
1592 1801 1665 1840 ΙΙΙ.

437 1877 536 1917 Vol.
571 1890 602 1916 1.
631 1876 677 1915 2ss
736 1875 976 1931 Phytologi.
1010 1876 1053 1916 P.
1083 1875 1152 1915 IV.
1182 1875 1276 1914 Vol.
1312 1889 1343 1914 1.
1374 1889 1409 1914 2.
1477 1879 1666 1918 Minera-

436 1954 540 2008 logi.
569 1954 613 1992 P.
642 1954 691 1991 V.
748 1952 992 2007 Hydrologi
1021 1962 1064 1991 et
1090 1952 1229 1991 index.
1271 1954 1385 2004 Lips.
1418 1959 1665 2008 1785-1739

435 2037 473 2076 8.
502 2030 529 2054 ‘¹‘
608 2019 825 2068 Ditissirtia
861 2028 1077 2078 collectio,
1120 2029 1210 2068 'sed
1248 2029 1401 2068 ordine
1440 2030 1661 2081 destituta3

436 2106 555 2144 rudis
590 2106 887 2160 indigestaque
931 2104 1066 2144 moles
1112 2104 1192 2143 alia
1230 2106 1399 2159 agendo
1439 2117 1660 2162 congesta:

435 2181 645 2220 librorum
673 2183 970 2234 inscriptiones
998 2180 1204 2234 plurimas
1232 2183 1396 2220 vitiatas
1425 2183 1567 2223 refert.

380 2270 420 2312 7.
449 2258 574 2297 Initia
601 2257 891 2298 Bibliothecae
921 2258 1088 2297 medico
1107 2260 1356 2309 ·practicae
1387 2267 1428 2297 et
1457 2257 1658 2314 chirurgi·

435 2346 510 2373 cae
548 2335 671 2373 realis
704 2337 791 2374 sive
828 2334 1073 2387 Repertorii
1110 2333 1349 2373 medicinae
1376 2338 1590 2386 practicae
1618 2346 1659 2375 et

436 2409 693 2466 chirurgicae
727 2414 1011 2450 communicat
1039 2409 1173 2450 Guil.
1213 2411 1436 2450 Godofr.
1473 2412 1658 2455 Planc-

434 2499 575 2541 quet.
604 2488 653 2526 T.
681 2487 854 2526 I-VIII.
882 2487 1066 2540 Tubing.
1098 2493 1233 2538 1793-
1256 2500 1367 2540 1797·
1394 2493 1434 2539 4.
1464 2489 1490 2514 '²‘
1543 2489 1656 2527 Con-

1707 741 1724 751 ς

1700 748 1716 774 q
