1801 3066
1228 173 1304 212 285

47 291 186 321 cutem
216 280 406 332 perforat
432 277 676 326 ibidemque
705 272 824 310 affixa
862 282 944 320 est,
978 275 1138 329 reliqua
1166 286 1304 315 autem

45 360 245 412 vaginae,
293 359 402 393 uteri
431 362 470 390 et
499 354 736 390 ovariorum
767 362 860 400 pars
889 351 932 386 in
961 363 1097 389 verme
1125 352 1305 407 longitu-

49 433 190 472 dinem
217 443 355 469 versus
387 429 567 468 dissecto
598 437 668 465 aut
696 426 835 479 aliqua
871 434 990 476 parte
1029 428 1134 473 icto,
1173 428 1306 469 libera

46 508 289 548 effunditur.
365 505 477 543 Vasa
520 514 705 542 ceterum
748 501 941 556 genitalia
993 511 1077 539 lam
1120 506 1305 544 mascula

47 596 173 636 quam
202 582 385 620 Feminea
421 581 663 633 longissima
702 587 743 616 et
772 581 881 615 circa
917 577 1064 615 tubum
1103 578 1305 618 cibarium

46 658 394 710 contortiplicata.
450 658 540 694 Ova
567 657 609 692 in
633 653 836 706 plurimis,
867 653 1101 706 eademque
1131 655 1307 706 utpluri-

45 749 163 773 mum
189 733 344 777 ovalia,
363 735 492 770 rarius
522 731 725 784 globosum
754 733 798 768 in
818 730 904 768 aliis
931 732 1015 769 vivi
1042 734 1307 783 conspiciun-

54 821 123 849 tur
148 811 298 849 foctus.
353 809 419 845 De
450 810 612 859 specie,
643 820 770 858 quam
801 806 849 844 cl.
878 806 1126 844 Froelich
1155 820 1305 859 perpe·

46 903 137 927 ram
170 884 553 937 hermaphroditam
583 882 752 930 dixerit,
797 885 841 921 in
876 883 1024 934 Capite
1058 886 1306 937 insequente

50 964 252 1003 tractabO.

156 1039 361 1081 Genitalia
392 1049 559 1078 externe
588 1038 707 1093 quod
735 1040 887 1085 attinet,
914 1040 959 1076 in
976 1032 1102 1092 longe
1117 1039 1307 1091 plurimis

48 1119 190 1156 maris
226 1117 356 1155 cauda
385 1117 450 1154 vel
477 1117 608 1155 modo
636 1116 833 1170 singulari
850 1113 1010 1162 inflexa,
1039 1116 1104 1154 vel
1131 1119 1307 1165 acutior,

47 1194 114 1233 vel
141 1193 385 1232 membrano
417 1203 598 1233 exstante
624 1203 791 1240 notata,
829 1192 989 1244 spicula
1016 1192 1140 1230 simul
1165 1194 1310 1244 prodit

51 1270 163 1317 duo,
193 1283 341 1321 saepe,
369 1273 521 1308 vermis
549 1273 714 1308 ratione
741 1268 900 1315 habita,
930 1270 1024 1306 satis
1052 1269 1193 1322 longa,
1211 1273 1310 1323 quia

48 1346 289 1399 longissima
319 1359 354 1382 v.
375 1359 407 1382 c.
426 1348 472 1383 in
499 1343 724 1383 Ascaride
750 1343 942 1382 Pelecani
966 1344 1209 1382 Onocrotali
1224 1347 1312 1397 spi-

53 1422 257 1472 culz'gera
285 1421 384 1458 mihi
411 1422 540 1467 dicta3
568 1434 720 1472 penem
744 1422 886 1472 itaque
915 1419 1069 1459 habent
1098 1422 1310 1472 duplicem

51 1498 162 1535 velut
190 1498 384 1535 animalia
412 1500 522 1535 varia
549 1484 683 1550 magis¹
708 1499 950 1546 composita.
997 1496 1190 1534 Feminae
1226 1497 1311 1534 vul-

49 1587 100 1612 va
128 1573 376 1625 plerumque
403 1575 499 1611 loco
530 1574 656 1623 capiti
694 1572 858 1617 vicino,
900 1585 1024 1622 supra
1049 1573 1187 1618 dicto,
1224 1586 1312 1610 om-

50 1650 173 1688 nibus
204 1660 343 1688 autem
374 1649 591 1701 speciebus
619 1647 775 1686 ibidem
804 1647 970 1694 adesse,
999 1656 1047 1684 ut
1074 1648 1311 1687 Zederus

53 1729 221 1778 (Erster
248 1726 457 1779 Nachtrag
484 1739 525 1777 p.
559 1727 640 1777 17.)
667 1724 779 1771 vult,
825 1726 887 1761 vix
916 1724 1184 1769 crediderim:
1221 1729 1312 1777 ipse

53 1808 178 1844 etiam
222 1803 302 1842 alio
339 1803 436 1840 loco
481 1798 874 1855 (Naturgeschichte
913 1802 988 1838 der
1019 1802 1238 1855 Eingevvvv.
1268 1818 1309 1854 p.

52 1883 142 1935 99.)
172 1880 278 1918 hanc
306 1880 472 1916 nonnisi
501 1880 544 1914 in
570 1879 756 1915 maximis
787 1879 1056 1927 conspicuam
1084 1879 1235 1927 refert,
1273 1890 1313 1918 et

53 1961 100 1998 in
126 1960 336 1996 minorum
367 1956 484 1992 variis
513 1963 599 1992 tam
628 1955 834 2005 superiori
870 1966 994 2007 quam
1030 1954 1215 1993 inferiori
1252 1955 1327 1999 loa

57 2047 109 2072 co
139 2034 291 2071 vidisse
319 2030 421 2068 mihi
449 2033 557 2068 visus
589 2045 693 2069 sum.

161 2110 205 2147 C.
226 2109 428 2146 Filariae
455 2107 648 2161 genitalia
677 2109 894 2160 utriusque
922 2120 1040 2145 sexus
1062 2118 1228 2146 externa
1255 2109 1313 2147 la-

56 2179 166 2232 tere,
194 2197 272 2222 nec
298 2187 558 2222 internorum
595 2186 672 2221 nisi
701 2188 836 2222 ovaria
867 2187 1119 2231 innotuisse,
1155 2185 1315 2223 Zede-

56 2273 142 2298 rus
174 2259 471 2313 (Namrgesch.
500 2274 542 2311 p.
571 2266 652 2306 53.)
681 2269 847 2306 monet;
877 2262 921 2298 in
947 2260 1147 2298 Filariae
1175 2271 1314 2301 tamen
1368 2297 1370 2300 ,

58 2338 157 2388 equi
179 2335 429 2387 papillam&
471 2339 698 2386 specimine
737 2339 946 2390 graciliori
979 2350 1116 2389 prope
1154 2339 1314 2377 caudae

60 2414 221 2463 apicem
251 2409 457 2461 spiculum
494 2411 622 2450 semel
650 2415 842 2452 emissum
871 2415 958 2452 vidi
985 2413 1160 2463 subtile,
1193 2416 1316 2469 *quod

57 2472 209 2538 procul
245 2486 373 2524 dubio
403 2499 481 2538 pro
508 2500 617 2539 pene
643 2488 907 2535 habendum;
935 2490 1150 2530 tubercula
1177 2502 1314 2531 autem
1371 2540 1373 2542 q
1406 2506 1414 2517 ·
