1801 3066
419 174 497 219 422

421 276 553 320 moris
580 274 748 311 mucosi
778 273 1134 324 copiascatente,
1163 282 1218 321 ne
1239 269 1495 310 vermiculus
1517 269 1692 322 quidem

423 351 642 402 apparuit;
671 361 752 387 nec
775 350 821 386 in
845 347 968 386 Gado
992 345 1172 385 Callaria
1195 355 1354 385 aestate
1377 344 1559 383 dissecto
1583 344 1692 383 Tae-

423 429 514 465 nias
544 423 613 463 vel
639 424 875 472 Ascarides,
908 423 984 461 sed
1011 418 1394 474 Echinorhynchos
1425 430 1593 459 tantum
1621 418 1697 457 ali-

427 510 549 554 quot,
580 510 622 537 et
649 501 694 536 in
723 500 853 537 Cotto
886 499 1066 550 Scorpio
1097 499 1264 548 saepius
1302 510 1326 534 a
1354 510 1423 534 me
1452 496 1695 536 examinato

426 577 608 616 Taenias
643 577 817 613 nonnisi
852 588 973 623 vere,
1023 586 1247 627 nunquam
1287 582 1431 610 autem
1470 581 1696 618 autumno,

428 653 580 703 reperi.
636 651 862 689 Percarum
903 649 1108 702 equidem
1153 648 1412 700 appendices
1451 659 1579 699 quam
1614 644 1702 687 Sal-

430 740 612 765 monum
640 728 844 773 minores,
875 726 1067 776 ejusdem
1096 735 1240 763 tamen
1270 723 1450 772 indolis,
1481 735 1618 762 unum
1634 720 1703 776 ,al'

431 813 624 840 terumve
661 801 946 840 Cucullanum
984 801 1249 854 quandoque
1289 801 1537 842 continent,
1578 807 1622 837 et
1657 799 1704 839 in

431 877 607 929 reliquis
636 875 821 928 piscibus
850 876 1113 925 minoribus,
1145 890 1253 930 quos
1281 876 1572 923 meminerim,
1607 885 1704 911 eae·

434 953 534 991 dem
562 962 703 1003 partes
744 955 937 990 entozois
974 952 1065 991 fere
1095 967 1263 1004 semper
1300 950 1461 990 liberae
1489 958 1610 993 sunt;
1658 949 1705 985 in

433 1026 667 1080 majoribus
698 1037 841 1065 autem
868 1030 901 1065 si
928 1026 1033 1066 haec
1058 1018 1223 1080 saepius
1247 1027 1411 1076 fovent,
1441 1037 1527 1065 tam
1557 1022 1614 1063 ob
1637 1036 1706 1062 ea-

434 1104 620 1145 rundem
651 1105 942 1154 capacitatem,
973 1117 1101 1155 quam
1132 1103 1187 1141 ob
1218 1102 1409 1141 humoris
1437 1112 1634 1141 naturam
1662 1107 1708 1141 et

434 1179 661 1217 ventriculi
697 1180 895 1216 viciniam
929 1180 1101 1215 Taeniis
1152 1182 1423 1229 potissimum
1474 1176 1706 1215 convenire

436 1254 662 1300 videntur,
703 1250 855 1290 harum
890 1254 1004 1290 enim
1038 1253 1170 1305 longe
1198 1254 1408 1304 plurimae
1436 1254 1483 1289 in
1516 1250 1708 1302 reliquo-

436 1342 532 1366 rum
563 1330 842 1368 animantium
871 1341 1069 1378 suprema
1096 1331 1400 1368 intestinorum
1415 1336 1539 1381 parte
1558 1324 1708 1363 sedem

437 1401 587 1455 figunt.
645 1402 688 1440 Si
729 1403 986 1454 appendices
1025 1414 1167 1442 autem
1201 1403 1422 1457 pyloricae
1467 1402 1710 1441 irritatione

439 1477 514 1515 tali
544 1480 779 1519 accessoria
807 1478 1065 1532 indigerent,
1094 1478 1307 1521 vermibus
1336 1479 1470 1518 rarius
1499 1488 1573 1517 aut
1599 1489 1710 1529 nun-

440 1566 570 1606 quam
600 1554 947 1596 destituerentur,

545 1628 730 1681 Reliqua
768 1632 963 1668 omnium
994 1629 1197 1671 locorum
1242 1640 1428 1680 entozoa
1471 1627 1710 1675 lustrando,

441 1702 611 1741 :nullum
648 1705 850 1752 invenio,
892 1705 1014 1757 quod
1050 1707 1161 1756 parti
1201 1706 1369 1743 cuidam
1406 1703 1615 1743 beneficio
1645 1705 1712 1748 sit,

417 1780 526 1816 vnisi
554 1776 631 1816 sub
661 1780 828 1819 visceris
858 1781 1093 1830 incipiente
1122 1781 1476 1833 degeneratione,
1503 1777 1573 1817 vel
1601 1778 1715 1817 dissi-

445 1853 670 1891 milatione
709 1854 810 1891 inde
847 1855 1090 1905 pendente,
1125 1857 1334 1893 vermium
1369 1863 1630 1906 proventum
1656 1852 1714 1892 la·
1757 1883 1761 1887 .

445 1927 544 1967 bem
571 1931 701 1979 partis
730 1932 938 1981 majorem
964 1929 1282 1981 prohibiturum
1307 1943 1395 1969 esse
1420 1928 1564 1983 fingas,
1594 1928 1715 1982 quod

449 2014 594 2041 tamen
631 2002 818 2054 probatu
850 2005 1145 2044 difficillimum
1172 2006 1310 2056 foret,
1337 2007 1588 2057 praeprimis
1619 2017 1714 2045 cum

448 2082 496 2117 in
523 2078 752 2117 visceribus
782 2079 849 2118 vel
877 2084 1101 2121 maximam
1129 2090 1294 2134 partem
1304 2111 1317 2129 ,
1356 2081 1423 2120 vel
1450 2091 1621 2132 praeter
1648 2090 1726 2127 tus

449 2157 591 2193 n1ca1n
621 2165 837 2192 externam
876 2159 1055 2194 omnino
1087 2159 1318 2197 consumtis
1328 2185 1341 2204 ,
1382 2170 1420 2194 v.
1453 2170 1486 2193 c.
1526 2154 1713 2202 renibus,

449 2231 584 2269 iidem
627 2244 719 2269 non
756 2244 852 2269 raro
892 2231 1155 2271 niclulentur.
1229 2231 1504 2271 Dissimilatio
1553 2244 1714 2271 vermes

453 2309 604 2360 gignit,
635 2307 784 2346 iisdem
811 2321 912 2346 vero
944 2310 1095 2360 genitis
1124 2321 1217 2347 non
1244 2310 1422 2357 sistitur,
1449 2309 1530 2346 nisi
1559 2316 1716 2358 corpo—

454 2383 509 2420 ris
538 2392 667 2420 status
696 2393 898 2433 mutatur,
928 2383 1003 2420 sed
1033 2397 1054 2420 e
1086 2393 1235 2422 contra
1262 2385 1442 2422 secretio
1471 2391 1717 2435 praeterna-

456 2457 601 2498 turalis
628 2459 826 2499 facillime
854 2459 1133 2498 inveterascit.
