1801 3066
448 132 499 170 26

500 248 592 276 aen.
622 238 648 262 ’κ
686 238 786 276 Duo
817 246 1015 276 tractatus
1044 235 1110 275 hic
1140 239 1426 278 memorandi:
1463 255 1496 279 1.
1523 243 1590 282 De
1611 257 1713 283 con-

495 314 718 352 stitutione
767 313 1005 365 epidernica
1052 324 1094 352 et
1135 317 1375 353 verminosa
1424 318 1469 355 in
1509 319 1711 371 equabus,

499 392 617 443 equis
655 401 696 429 et
725 389 914 443 equuleis
943 391 1182 428 Mantuanis
1221 401 1263 431 et
1289 392 1536 432 Venetianis
1567 395 1712 434 obser-

495 477 603 505 vata.
647 469 820 518 (Nuove
851 468 1146 505 Osservazioni
1175 466 1280 506 ffflte
1301 468 1414 508 nella
1433 473 1709 510 costituzione

495 546 734 582 verminosa
765 544 819 582 ed
848 543 1086 595 epidemica
1115 547 1278 597 seguita
1305 544 1420 584 nelle
1442 547 1614 596 cavelle,
1644 561 1710 586 ca-

493 620 593 658 valli
631 634 653 659 e
681 621 889 672 puledri.)
933 634 974 671 p.
1017 634 1143 672 1-29.
1200 621 1267 658 De
1311 630 1455 661 oestro
1486 623 1709 662 ventriculi

495 698 640 750 equini
668 711 808 736 sermo
841 707 911 736 est.
968 696 1018 738 ΙΙ.
1049 698 1197 737 Nuova
1226 696 1326 736 idea
1354 697 1423 737 del
1451 697 1536 737 mal
1564 709 1710 737 conta-

493 776 616 827 gioso
647 773 837 812 de'buoi
884 787 924 824 p.
953 773 1113 819 31-61.
1182 775 1447 826 Cogrossi
1481 774 1623 813 ideam
1655 773 1710 827 de

491 850 704 889 vermibus
734 852 1046 902 microscopicis
1065 851 1108 889 in
1127 851 1334 903 sanguine
1358 860 1399 888 et
1420 849 1594 903 reliquis
1612 864 1708 902 par-

494 925 602 966 tibus
640 927 772 967 obviis
800 927 916 966 luem
943 924 1145 965 bovillam
1183 923 1462 965 efficientibus
1491 923 1638 966 laudat
1666 937 1709 965 et

490 1014 623 1042 ornat.
687 1004 781 1043 Huc
834 1005 960 1042 etiam
1009 1016 1049 1054 p.
1090 1002 1248 1049 62-32.
1318 999 1475 1042 Giunta
1519 1017 1533 1041 1
1576 1003 1631 1042 ed
1670 1017 1704 1041 2.

490 1080 717 1119 De⁷Vermi
736 1079 1026 1131 pestilenziali.
1070 1079 1247 1118 Vermes
1267 1078 1571 1132 pestilentiales
1591 1079 1706 1118 luem

493 1165 536 1194 et
563 1159 679 1197 varia
707 1156 816 1195 mala
846 1159 1000 1195 cientes
1031 1170 1054 1194 a
1083 1155 1308 1195 Vermibus
1349 1149 1547 1208 corporis¹
1568 1156 1707 1195 visibi-
1771 1194 1786 1205 3

488 1230 598 1269 libus
630 1242 671 1270 et
699 1233 939 1286 vulgaribus
970 1234 1117 1283 (vermi
1148 1233 1351 1285 ordinarj)
1383 1234 1421 1270 ei
1451 1232 1586 1280 dictis,
1616 1242 1706 1271 tan-

488 1320 549 1347 tas
589 1309 727 1346 clades
766 1322 983 1360 nunquam
1013 1308 1292 1356 struentibus,
1335 1309 1564 1362 distinguit.
1617 1308 1705 1362 Hy·

485 1383 685 1436 pothesin
714 1383 918 1421 oblivioni
945 1386 1098 1422 merito
1130 1385 1328 1422 traditam
1357 1397 1447 1421 non
1473 1396 1634 1421 moror.

566 1458 767 1498 Redeunt
820 1459 1027 1512 opuscula
1076 1462 1135 1511 (n.
1192 1460 1245 1510 46
1272 1483 1290 1490 -
1318 1460 1406 1510 50.)
1463 1458 1575 1498 dicta
1636 1460 1702 1498 in:

484 1536 594 1574 Ant.
627 1534 959 1574 Vallisnieri
991 1537 1134 1587 Opere
1162 1534 1557 1582 fisichoemediehe,
1612 1549 1703 1574 rac-

487 1611 599 1650 colte
662 1610 716 1650 da
777 1612 1019 1663 Antonio
1082 1626 1159 1651 suo
1215 1611 1420 1665 figliuolo.
1502 1610 1702 1655 Venezia.

484 1688 534 1726 T.
570 1688 590 1726 Ι
617 1711 636 1718 -
662 1687 731 1727 ΙΙΙ.
773 1695 884 1739 1733.
922 1688 997 1727 fol.
1061 1688 1112 1727 In
1164 1701 1347 1741 quorum
1386 1689 1435 1726 T.
1465 1686 1514 1724 ΙΙ.
1560 1685 1702 1726 adhuc

483 1766 704 1817 sequentia
765 1776 912 1804 contra
962 1765 1260 1820 Andryum:
1329 1765 1551 1806 Disamina
1600 1764 1702 1815 dlun

484 1841 577 1881 solo
607 1840 799 1879 Articolo
844 1839 941 1882 dell’
975 1823 1124 1893 operav
1149 1840 1263 1879 della
1304 1824 1587 1894 generazidne
1628 1841 1698 1880 de'

481 1920 631 1957 ,Vermi
672 1917 742 1955 del
781 1931 914 1969 corpo
953 1931 1111 1960 umano
1145 1916 1285 1957 delfi.
1315 1917 1506 1973 Andry.
1545 1929 1587 1968 p.
1602 1916 1701 1963 565-

429 2015 437 2023 ·
481 2002 573 2047 375.
631 1994 777 2032 Gian.
818 1995 1101 2037 Tommaso
1145 1996 1293 2036 Brini
1321 1996 1494 2034 Lettera
1535 1994 1580 2030 in
1626 1995 1699 2037 >cui

484 2085 644 2123 espone
676 2072 691 2108 i
721 2073 893 2119 motivi‚
947 2070 1134 2127 pe'quali
1163 2070 1194 2109 il
1223 2073 1261 2110 S.
1291 2071 1478 2129 Andry
1505 2067 1559 2110 ha
1595 2068 1699 2107 mal-

481 2157 653 2186 trattato
695 2146 726 2184 il
767 2147 804 2184 S.
835 2148 1169 2188 Vallisnieri.
1198 2162 1239 2199 p.
1269 2153 1348 2199 575
1375 2172 1393 2178 -
1419 2151 1507 2193 585.
1554 2146 1628 2200 Ag
1644 2160 1700 2184 0-

484 2226 629 2262 stino
661 2223 903 2266 Sarasini
930 2226 1102 2264 Lettera
1138 2224 1253 2264 nella
1295 2223 1423 2277 quale
1456 2222 1498 2262 fa
1525 2222 1696 2270 vedere,

483 2310 641 2347 quanto
687 2301 863 2353 profitto
907 2299 962 2340 ha
1000 2302 1105 2340 fatto
1135 2296 1167 2341 iI
1204 2302 1241 2339 S.
1270 2300 1451 2354 Andry
1492 2299 1612 2351 dopo
1654 2298 1697 2336 la

481 2375 637 2415 lettura
676 2377 773 2416 dell'
806 2378 950 2430 Opera
990 2378 1060 2422 del
1099 2379 1139 2417 S.
1169 2376 1502 2417 Vallisnieri.
1531 2388 1573 2428 p.
1601 2378 1698 2422 585-

481 2458 571 2503 401.
616 2454 912 2507 Dryander.
