1801 3066
1235 196 1315 247 463

51 311 188 353 aeque
217 310 370 351 parum
400 309 446 334 ac
475 296 773 333 intestinorum
799 295 1096 346 periStalticus,
1124 298 1193 339 vel
1222 314 1312 340 cor.

51 375 115 415 dis
146 384 188 414 et
217 376 465 413 arteriarum
488 370 667 408 diastole
699 380 740 409 et
767 367 924 422 systole
942 377 1212 425 percipiatur,
1240 382 1313 431 qui

6 465 8 467 “
50 453 97 490 in
125 452 308 504 aegrotis
338 450 465 498 sa'epe
509 445 732 486 dolosifici.
787 445 857 483 Ita
893 446 1148 488 Taeniarum
1186 456 1314 495 etiam

50 536 190 566 motus
219 523 436 578 hystericis
480 532 551 569 aut
586 522 710 560 valde
739 520 1004 560 sensibilibus
1046 528 1225 565 maxime
1251 531 1314 568 in—

40 596 172 655 grati.
228 600 272 637 Si
303 596 534 638 earundem
566 599 679 635 enim
707 594 1021 651 longitudinem
1048 612 1177 650 saepe
1205 616 1315 641 sum-

53 691 181 725 mam,
209 679 254 714 in
284 678 386 727 Cap.
416 674 509 712 XV.
539 676 573 722 ᾗ.
606 687 638 710 1.
671 678 916 724 expositam,
943 675 1187 725 perpendis,
1217 677 1315 714 dum

53 753 190 793 subito
219 752 362 790 locum
390 758 568 796 mutant,
596 748 664 787 vel
690 763 769 800 per
798 760 933 788 totum
951 752 1211 801 intestinum,
1238 765 1319 803 po-

55 832 257 868 tissimum
286 838 426 875 tenue,
456 834 666 874 extensae,
695 839 820 863 unam
860 829 903 864 in
930 836 1094 878 partem
1123 841 1168 866 se
1198 827 1318 873 colli7

53 904 169 959 gant,
200 917 352 955 corpus
381 901 583 939 irritabile
620 902 722 940 inde
751 899 862 940 affici
890 915 1031 953 posse,
1058 916 1150 942 non
1184 917 1316 957 nega-

53 981 129 1020 bis,
185 981 372 1019 Taeniae
399 987 565 1029 partem
595 991 644 1016 ex
673 990 754 1015 ano
787 977 1146 1029 propendentem,
1183 981 1315 1018 inter-

54 1057 156 1096 dum
183 1069 347 1094 sursum
376 1054 544 1092 ductam
574 1066 664 1091 esse
694 1062 735 1090 et
776 1054 1021 1090 intestinum
1058 1055 1215 1092 iterum
1252 1058 1314 1093 in-

53 1142 184 1170 trasse
226 1128 355 1179 (conf.
399 1130 503 1180 Cap.
546 1127 633 1165 VH.
674 1130 707 1178 ἕ.
745 1132 826 1177 4.),
871 1129 1137 1183 eandemque
1180 1141 1314 1171 totam

51 1218 360 1258 nonnunquam
389 1203 506 1256 globi
535 1205 580 1241 in
607 1205 795 1254 speciem
816 1202 1085 1242 convolutam
1116 1206 1209 1246 alvo
1242 1208 1315 1246 de-

51 1286 205 1336 jectam
235 1293 324 1318 esse
367 1278 503 1327 (conf.
532 1279 605 1316 An
621 1278 718 1331 dry
744 1277 827 1316 tab.
857 1279 997 1328 XV),
1041 1292 1218 1331 constat,
1261 1284 1336 1322 de.

53 1367 193 1396 motus
222 1358 365 1407 itaque
394 1357 434 1393 vi
462 1367 622 1392 summa
651 1352 833 1392 dubitari
861 1358 1024 1407 nequit,
1069 1370 1196 1409 quem
1223 1372 1314 1397 mu-

51 1431 253 1485 lierculae
272 1430 627 1478 molestissimum,
647 1429 980 1480 undulatorium,
1008 1432 1075 1471 vel
1094 1444 1316 1484 repentem

55 1519 97 1547 et
123 1509 375 1546 rotatorium
404 1506 659 1554 describunt,
689 1509 853 1557 saepius
883 1518 1022 1546 autem
1049 1508 1193 1548 Forsan
1222 1524 1317 1549 cum

53 1582 185 1638 globo
207 1570 426 1635 *hysterico
447 1581 723 1618 confundunt.
766 1582 1117 1635 Imaginationem
1143 1585 1314 1636 laesam,

54 1661 326 1710 animumque
362 1656 416 1695 de
445 1655 700 1706 animalculi,
738 1659 787 1695 iis
823 1657 1027 1697 horrendi
1068 1662 1159 1707 visi,
1194 1675 1315 1712 prae-

53 1738 189 1776 sentia
215 1735 484 1786 perterritum
511 1730 591 1769 huc
620 1733 827 1772 accedere
857 1743 900 1772 et
935 1735 1046 1783 mala
1085 1737 1314 1791 adaugere,

52 1823 144 1851 non
173 1819 248 1857 est,
275 1807 395 1861 quod
421 1819 631 1846 moneam.

161 1886 212 1924 D.
241 1883 461 1922 Molestias
493 1882 613 1921 dictis
643 1883 812 1933 similes,
846 1887 951 1936 quin
977 1888 1160 1938 majores
1198 1900 1221 1925 a
1248 1887 1316 1925 Fi-

53 1962 179 2000 laria
206 1960 453 1999 medinensi
481 1962 589 1997 circa
608 1969 748 2010 partes
767 1962 945 1999 maxime
964 1961 1198 2012 sensibiles,
1226 1977 1318 2002 mo-

54 2048 185 2091 tuque
215 2037 405 2087 corporis
435 2041 488 2082 (v.
521 2049 555 2074 c.
583 2036 706 2087 pedis
734 2036 810 2074 sub
840 2036 1147 2088 ambulatione)
1187 2040 1316 2092 agita—

56 2125 131 2163 tas,
161 2110 390 2152 convoluta
418 2113 520 2149 oriri
550 2121 634 2149 tam
661 2114 941 2161 notissimum,
979 2127 1104 2166 quam
1134 2114 1315 2165 explica-

56 2200 101 2228 tu
127 2187 386 2237 facillimum,
426 2188 530 2227 inde
560 2192 685 2226 etiam
722 2189 873 2227 eadem
916 2190 950 2228 si
987 2188 1132 2228 locum
1169 2189 1311 2229 subito

54 2274 202 2312 mutat,
232 2273 273 2302 et
298 2262 541 2317 longissima
569 2263 635 2303 vel
663 2278 816 2304 nervos
846 2267 1109 2318 constringit,
1137 2265 1205 2304 vel
1235 2268 1314 2304 cir—

12 2347 15 2349 ’
58 2336 343 2380 ca‘musculos
371 2353 415 2378 se
444 2350 713 2394 contorquet,
740 2354 830 2380 non
858 2350 1014 2392 potest,
1057 2342 1160 2392 quin
1190 2341 1314 2380 dolo·

54 2430 123 2455 res
153 2418 273 2464 cieat,
303 2417 741 2465 atrocissimos,-conf.
769 2414 878 2454 Bibl.
907 2429 948 2453 n.
978 2420 1066 2464 224.
1129 2416 1315 2456 Plerum-
1351 2444 1360 2448 ν

56 2505 142 2543 que
170 2501 311 2529 tamen
340 2490 588 2545 tranquilla,
605 2506 821 2546 saepeque
848 2505 927 2544 per
953 2503 1119 2531 menses
1150 2493 1312 2535 et,diu-
