1801 3066
1346 111 1367 120 v-

1291 108 1368 150 500

103 203 348 255 sumendae>
378 200 570 252 offertur,
595 212 635 241 et
664 204 697 240 si
717 204 892 250 vomitu,
922 205 1040 255 quod
1067 208 1231 259 saepius
1263 211 1363 247 acci-

108 281 180 326 dit,
211 282 384 331 ejicitur,
419 279 564 317 eadem
595 278 850 330 repetenda;
888 289 984 328 post
1023 279 1234 320 bihorium
1263 297 1366 322 vero

106 367 286 408 purgans
318 338 578 406 <ix—panacea
607 352 856 401 mercuriali,
886 357 1022 392 resina
1043 362 1301 396 scammonei
1324 369 1366 400 et

106 433 263 479 gummi
292 439 432 483 guttae
463 430 658 481 (dosibus
688 444 768 481 pro
800 439 935 468 aetate
970 439 1011 467 et
1039 437 1230 481 corporis
1263 448 1366 473 con..

88 508 319 549 ,stitutione
348 507 577 559 variandis)
621 510 924 559 compositum,
972 518 1066 542 cum
1097 508 1365 548 confectione·

105 578 369 634 hyacinthina
408 597 480 621 seu
527 596 727 622 conserva
766 591 959 620 rosarum
1006 579 1246 630 subactum,
1301 599 1366 623 su-

104 659 364 706 peradditur.

179 735 538 774 Medicamentum
567 737 917 789 ingratissimum,
947 736 1155 772 incertum
1186 741 1227 770 et
1254 734 1366 783 peri-

106 809 305 849 culosum.
373 813 531 850 Contra
560 812 766 848 Taeniam
793 810 918 848 latam
949 809 1243 847 tantummodo
1276 807 1364 845 effi-

104 901 176 925 cax
207 888 587 936 dicit111·„Taeniae
618 897 758 925 tamen
787 887 891 925 Solii
919 887 1142 924 tenerioris
1173 883 1369 935 specimi-

101 976 155 1000 na
193 975 352 1015 septem
388 977 431 1001 se
472 963 657 1014 ejusdem
703 976 808 1013 opus
848 962 1060 1012 depulisse
1100 961 1147 999 cl.
1188 961 1368 998 Brera

104 1036 152 1088 gl.
182 1052 214 1076 c.
243 1052 281 1089 p.
316 1049 398 1088 ιη.
430 1049 471 1078 et
503 1043 585 1088 142.
614 1051 655 1076 n.
690 1041 800 1092 170.)
837 1047 1006 1086 monet,
1037 1036 1155 1089 quod
1184 1036 1357 1089 quidem

103 1114 291 1152 accidere
320 1118 470 1166 potuit.

157 1204 192 1230 2.
223 1190 464 1228 Aleclcodus
490 1188 1006 1233 Her-raschiz-atzdsiczna,
1036 1190 1172 1241 priori
1201 1188 1369 1237 similis,

103 1279 229 1316 saepe
258 1279 359 1303 vero
391 1265 473 1304 alio
504 1265 635 1303 modo
667 1266 820 1303 tradita
851 1275 929 1313 est,
957 1275 1004 1302 ut
1020 1262 1125 1319 nhinc
1153 1264 1254 1302 inde
1278 1279 1369 1303 mu-

103 1350 187 1378 tata
229 1352 443 1393 appareat.
524 1343 727 1380 Mercurii
767 1340 898 1379 dulcis
941 1351 982 1379 et
1020 1341 1180 1395 gummi
1226 1349 1369 1393 guttae

103 1411 254 1470 magna
283 1418 394 1456 dosis
426 1417 525 1456 olim
555 1419 714 1465 inerat,
759 1418 888 1470 quid?
925 1417 1042 1470 quod
1073 1416 1147 1454 cel.
1187 1414 1369 1454 Pallas

104 1494 149 1544 (1.
182 1507 213 1531 c.
238 1497 284 1545 Ρ.
313 1493 400 1546 69.)
438 1504 611 1545 praeter
638 1495 918 1540 mercurium,
975 1495 1101 1530 etiam
1132 1494 1369 1531 arsenicum

105 1579 243 1607 terrae
273 1568 515 1607 absorbenti
543 1580 721 1620 nuptum
753 1569 934 1608 adfuisse
965 1568 1105 1607 refert.
1149 1568 1244 1620 Ipse
1273 1581 1371 1619 pro-

103 1644 305 1698 mulgavit
333 1645 559 1685 formulam
588 1657 835 1697 sequentem
866 1647 919 1696 (B
937 1659 1061 1682 rera
1089 1644 1113 1681 l.
1145 1658 1176 1681 c.
1207 1658 1249 1696 p.
1283 1649 1367 1693 141.

103 1734 144 1759 n.
178 1721 316 1772 163;):
373 1735 500 1775 aeger
537 1721 721 1776 pulveris
750 1721 901 1760 radicis
940 1720 1056 1759 filicis
1095 1720 1278 1759 feminae
1309 1717 1375 1757 vel

106 1798 232 1835 maris
262 1793 500 1834 drachmam
532 1808 601 1835 aut
628 1800 671 1834 in
702 1811 830 1849 aqua,
875 1807 946 1836 aut
977 1795 1163 1834 crustulo
1195 1793 1374 1833 obvolu-

109 1883 216 1920 tam,
244 1872 421 1911 biduum
450 1886 574 1911 mane
600 1875 762 1926 jejunus
794 1883 998 1918 assumam
1027 1874 1152 1911 tertia
1183 1871 1251 1909 die
1280 1869 1373 1922 pul-

108 1951 166 1988 vis
197 1938 246 1987 ex
275 1949 430 2005 gummi
460 1952 767 2004 guttaergranis
799 1949 1052 1997 duodecim,
1105 1946 1201 1986 'salis
1234 1945 1372 1984 absin-

110 2023 185 2063 thii
233 2026 371 2078 granis
418 2027 588 2080 triginta
637 2036 678 2064 et
724 2022 892 2078 saponis
944 2024 1190 2078 Starkeyani
1236 2023 1373 2076 granis

204 2169 228 2205 i.
255 2167 381 2216 Ejusd.
407 2167 475 2207 Ed.
506 2168 616 2204 altera
641 2170 690 2208 ib.
722 2176 819 2214 1785.
848 2177 880 2210 8.
909 2169 1157 2205 Boehmer,

204 2230 240 2263 k.
268 2225 464 2275 Appendix
498 2237 536 2261 to
564 2239 610 2261 an
636 2229 803 2263 Account
830 2228 872 2261 of
892 2228 1013 2261 Tenia
1048 2240 1088 2259 or
1114 2225 1375 2272 Long-Tape-

114 2275 260 2324 Worm.
290 2284 408 2322 Lond.
440 2292 528 2331 1778
568 2297 624 2332 29.
652 2299 688 2334 p.
717 2285 754 2318 in
782 2289 813 2322 8,
841 2287 856 2303 ’Υ
907 2286 1064 2320 Litterae
1083 2297 1101 2317 a
1123 2283 1273 2334 medicis
1294 2282 1357 2329 qui

115 2343 270 2379 busdam
300 2342 472 2393 delbono
499 2342 760 2379 medicamenti
777 2342 1033 2380 Nouffertiani
1061 2340 1195 2376 effectu
1223 2340 1269 2375 ad
1297 2339 1375 2374 edi-

114 2412 234 2437 torem
261 2400 376 2439 datae.
