1801 3066
1353 164 1382 204 5

159 265 339 304 tinuatio
371 274 412 303 et
440 261 739 313 Supplementa
768 258 817 296 T.
845 258 971 298 I-IV.
1019 266 1271 314 1799-1505,
1288 267 1324 314 4,
1352 263 1380 291 «ιι

158 340 344 381 Plurima
372 340 452 376 huc
482 337 663 384 faciunt,
705 345 852 374 auctor
877 349 981 374 vero
1009 338 1306 390 inscriptiones
1337 349 1378 378 et

160 419 413 468 scriptorum
448 414 623 450 nomina
658 411 881 450 festinante
912 411 1073 451 calamo
1101 426 1251 452 manca
1286 427 1378 453 mu-

160 492 282 530 tilave
327 489 470 536 dedit,
524 487 818 543 librorumque
870 488 1054 527 formam
1101 487 1377 541 utplurimum

154 580 243 604 non
269 566 482 604 indicavit.

47 652 54 667 ¹*
101 649 139 689 3.
168 641 397 695 Catalogus
425 640 709 681 bibliothecae
739 640 938 681 historico
958 665 976 672 ·
1000 640 1203 681 naturalis
1231 641 1375 682 Jose-

153 717 247 770 phi
289 717 473 756 Banks.
528 719 715 756 Auctore
750 719 882 756 Jona
918 719 1228 772 Dryander.
1263 719 1311 756 T.
1341 718 1372 757 Ι.

154 796 383 844 Scriptores
424 793 654 846 generales.
688 801 799 847 1798.
841 797 889 833 T.
918 794 967 833 II.
1023 794 1218 849 Zoologi.
1261 793 1372 847 1796.

152 853 200 908 T.
228 869 298 907 ΠΙ.
345 871 546 908 Botanici.
590 884 701 922 1797.
758 872 806 909 T.
835 871 904 908 IV.
942 871 1216 925 Mineralogi.
1259 883 1370 922 1799.

149 948 198 985 T.
241 948 291 984 V.
342 945 692 998 Supplementurn
739 957 782 985 et
823 948 950 986 index
985 957 1218 987 auctorum.
1259 953 1370 992 1800.

147 1023 346 1061 Londini.
381 1029 419 1069 8.
464 1024 489 1047 ’Κ
561 1023 680 1075 Opus
727 1037 890 1062 summa
934 1038 1035 1062 cura
1080 1022 1368 1070 elaboratum,

149 1102 266 1139 omni
292 1098 419 1138 laude
449 1100 750 1153 dignissimum.

92 1190 128 1230 9.
156 1177 456 1229 Repertorium
494 1178 901 1215 commentationum
939 1191 962 1215 a
1002 1176 1272 1216 societatibus
1299 1174 1368 1213 lit-

144 1255 308 1292 terariis
356 1254 561 1292 editarum
609 1254 842 1293 secundum
887 1253 1206 1307 disciplinarum
1255 1250 1368 1290 ordi-

142 1343 244 1368 nem
293 1330 464 1382 digessit
506 1330 540 1366 J.
567 1331 620 1368 D.
656 1330 840 1368 Reuss.
924 1330 1120 1370 scientia.
1151 1326 1365 1368 naturalis.

144 1406 195 1442 T.
224 1404 254 1442 I.
327 1404 512 1442 Historia
553 1402 756 1442 naturalis
805 1403 1013 1456 generalis
1056 1414 1098 1442 et
1141 1403 1365 1455 Zoologia.

144 1481 194 1518 T.
223 1480 273 1517 II.
306 1481 507 1518 Botanica
544 1490 584 1516 et
619 1478 903 1531 Mineralogia
940 1481 1043 1528 (nec
1078 1492 1169 1516 non
1204 1478 1364 1529 index).

143 1555 333 1608 Gotting.
379 1561 501 1602 1801,
542 1560 653 1600 1802.
681 1558 718 1604 4.
753 1553 780 1578 ⁸*
848 1554 1077 1606 Catalogus
1115 1555 1366 1605 ceteroquin

142 1633 493 1679 accuratissimus3
529 1632 683 1682 scripta
715 1638 862 1667 ‘tamen
888 1626 1267 1682 heiminthologica
1287 1641 1364 1668 suo

140 1709 308 1759 saepius
335 1722 425 1746 non
454 1717 673 1746 enumerat
702 1705 813 1745 loco.

92 1798 151 1824 ιο.
180 1783 293 1822 Seb.
329 1782 437 1822 Joh.
473 1784 647 1823 Ludw.
675 1784 923 1837 Doering
962 1781 1172 1822 critisches
1201 1783 1363 1834 Reper-

140 1863 295 1900 torium
334 1860 412 1898 der
448 1862 520 1898 in—
546 1859 638 1898 und
674 1857 997 1898 auslandischen
1033 1858 1363 1899 medicinischen

139 1936 312 1978 Probe·
346 1937 437 1986 und
470 1935 948 1992 Einladungsschriften.
1025 1936 1149 1975 Erste
1186 1934 1361 1975 Abthei-

142 2013 258 2068 Iung.
322 2012 610 2052 Verzeichniss
642 2013 719 2052 der
746 2012 954 2052 Schriften
981 2026 1067 2052 von
1097 2020 1193 2065 1781
1210 2037 1228 2045 -
1247 2027 1358 2066 1790.

136 2091 341 2131 Herborn
373 2096 482 2136 1805.
510 2096 548 2141 4.
577 2090 605 2115 ⁴*
657 2091 977 2142 Disputationes
997 2103 1207 2129 annorum
1226 2091 1358 2129 dicto-

137 2183 233 2208 rum
251 2166 647 2221 helminthologicas
669 2177 888 2207 enumerat
911 2177 953 2205 et
972 2166 1198 2219 dijudicat,
1229 2180 1356 2218 opus-

142 2258 225 2297 que
250 2258 342 2284 non
371 2246 660 2283 continuatum
689 2258 779 2283 esse
808 2243 968 2284 doleas..

284 2321 436 2360 Diariis
462 2320 690 2371 litterariis,
724 2320 874 2374 quibus
901 2335 1000 2361 usus
1029 2335 1121 2361 sum
1146 2319 1353 2375 plurimis,

189 2398 485 2438 enumerandis
512 2399 785 2453 supersedeo.
