1801 3066
1288 169 1362 220 491

109 283 157 307 ex
200 267 423 306 ventriculi
474 268 859 316 intestinorumque
903 265 1145 318 vulneribus
1198 281 1369 311 externe

101 343 342 396 patentibus
374 335 635 394 compertum
666 329 881 378 habemus.

211 428 248 466 5.
283 418 510 457 Carbones
537 417 762 466 lignorum
798 418 841 454 in
869 416 1089 471 pulverem
1127 420 1288 459 redacti
1318 421 1368 459 ab

103 496 280 535 Islandis
312 505 458 533 contra
487 507 650 531 vermes
682 492 958 541 adhibentur,
998 503 1039 531 et
1075 497 1119 533 in
1147 496 1221 534 cel.
1250 497 1370 536 Pal-

105 572 187 610 las
230 573 519 623 experimento
561 569 616 621 (1.
656 583 690 609 c.
727 570 887 621 p.,57.)
926 571 1088 608 Teniae
1125 576 1370 620 portionem

107 662 306 701 magnam
348 646 568 698 depulere.
641 643 890 683 Mechanice
929 657 1070 700 agunt,
1118 656 1159 684 et
1189 631 1371 688 1116ᾈὶθᾶ-

105 735 294 763 mentum
325 727 575 769 innocuum,
616 735 799 773 quocum
836 721 960 773 plura
1000 721 1219 775 capiantur
1248 734 1372 775 expe-

106 804 300 849 rimenta,
332 800 504 853 dignum
534 796 714 835 videtur.

217 877 396 914 Plurima
433 888 533 912 sane
570 873 693 911 simili
729 873 861 911 modo
899 883 1097 927 agerent,
1136 885 1183 914 ut
1220 874 1371 915 horum

106 966 306 1005 maguum
334 963 558 990 numerum
586 944 832 1001 proponere
860 949 1030 1000 liceret,
1060 951 1234 990 simulac
1264 956 1373 991 enim

109 1028 214 1066 dura
246 1010 287 1066 et
316 1040 478 1078 aspera,
508 1040 530 1063 a
554 1024 789 1062 ventriculo
815 1038 904 1062 non
924 1025 1173 1080 subigenda,
1203 1029 1277 1066 sed
1308 1043 1373 1067 ea—

108 1104 206 1141 dem
233 1102 372 1140 forma
398 1104 442 1139 in
473 1102 671 1139 intestina
702 1100 947 1150 deferenda,
980 1102 1151 1141 Taeniis
1182 1117 1376 1155 oppone-

104 1189 274 1226 rentur,
311 1177 372 1217 his
415 1188 531 1216 certe
567 1179 746 1214 nocivae
776 1177 932 1216 forent.
987 1180 1148 1217 Eadem
1177 1194 1278 1218 vero
1309 1191 1374 1218 ut-

103 1254 334 1306 phu-imum
362 1250 515 1306 magna
545 1251 639 1289 dosi
668 1253 923 1305 ingerenda,
952 1267 1142 1306 ⁴eamque
1173 1255 1228 1293 ob
1259 1270 1374 1296 caus·

106 1345 194 1369 sam
222 1343 422 1368 nauseam
452 1330 700 1376 excitantia,
747 1331 881 1382 aegris
911 1327 1091 1368 molesta
1120 1330 1287 1380 forent,
1330 1345 1377 1372 ut

108 1417 301 1445 stannum
331 1404 600 1459 granulatum
629 1404 821 1443 omnibus
841 1404 1013 1457 reliquis
1040 1408 1375 1457 praeferendum

107 1483 227 1522 videa
234 1493 313 1522 tur.

109 1665 473 1709 Medicamenta
514 1683 700 1709 vermes
737 1671 790 1709 vi
827 1683 1075 1711 venenosa
1107 1674 1376 1724 ene-cancia,

396 1765 482 1791 seu
516 1751 928 1793 ancilzelminchtca
958 1766 1093 1793 vera.

217 1854 480 1893 Animalibus
512 1855 704 1895 omnibus
737 1857 886 1895 eadem
908 1859 1156 1910 neutiquam
1183 1856 1379 1897 lethifera

115 1944 219 1984 esse,
250 1933 507 1982 experientia
535 1931 863 1971 luculentissime
892 1933 1102 1984 probavit,
1133 1923 1174 1971 et
1204 1936 1381 1972 arsenici

112 2022 148 2046 v.
181 2022 216 2048 e.
245 2009 305 2045 vis
333 2009 377 2045 in
404 2005 619 2046 hominem
647 2012 823 2048 maxima
835 2039 849 2059 ,
886 2012 931 2047 in
960 2011 1214 2047 ruminantia
1243 2009 1378 2048 multo

79 2087 254 2124 ‘minor
292 2086 366 2132 sit,
403 2094 450 2121 ut
485 2098 615 2124 nuces
654 2089 845 2125 vomicae
883 2085 1075 2138 piurimis
1118 2087 1316 2123 exitiosae
1358 2100 1380 2124 a

115 2162 284 2199 Bucero
313 2158 625 2210 Rhinocerote,
665 2163 813 2200 Cicuta
851 2165 942 2214 ipsa
985 2164 1133 2200 ceteris
1162 2147 1326 2200 funesta
1359 2176 1381 2199 a

117 2238 276 2288 capris,
317 2237 619 2284 comedantur,
661 2247 701 2276 et
729 2241 785 2276 sic
812 2251 959 2289 porro.
1013 2237 1213 2275 Entozois
1255 2240 1381 2275 etiam

117 2312 286 2350 diversa
322 2326 505 2367 nocere,
554 2323 596 2351 et
635 2313 908 2363 animalibus,
953 2316 998 2351 in
1026 2313 1179 2367 quibus
1209 2313 1380 2367 degant,

116 2402 282 2427 veneno
313 2389 565 2440 interfectis,
615 2392 707 2441 ipsa
733 2392 863 2428 vitam
892 2404 1180 2437 conservasse,
1226 2391 1382 2428 mirum

113 2467 242 2518 igitur
268 2477 360 2506 non
390 2475 460 2504 est.
517 2466 612 2518 Ipse
641 2469 684 2508 in
714 2470 853 2521 equis,
884 2465 1092 2505 hellebori
1123 2465 1207 2505 albi
1237 2476 1279 2504 et
1305 2480 1381 2504 nu-
