1801 3066
1230 174 1307 220 445

44 278 103 316 ris
131 276 200 316 vel
233 277 280 314 in
309 271 491 315 vesicula
526 269 656 310 fellea
690 269 878 319 latitant,
914 264 996 311 nec
1023 287 1208 328 unquam
1238 275 1309 315 he·-

48 365 127 404 par
155 352 258 390 inde
287 350 355 389 vel
381 348 685 388 inflammatum
712 345 780 384 vel
811 359 1001 395 erosum,
1029 351 1106 387 sed
1133 351 1205 389 ubi
1234 354 1308 391 du-

51 437 141 466 ctus
170 427 232 465 illi
261 425 384 464 valde
415 422 603 475 ampliati
632 431 751 470 sunt,
785 421 950 474 reliqua
977 431 1119 462 tamen
1146 426 1307 478 hepatis

45 501 277 541 substantia
304 504 484 553 integra,
515 497 663 536 colore
693 507 734 536 et
763 498 970 536 densitate
997 499 1178 537 naturali
1208 517 1308 541 con-

47 580 193 630 spicua
240 586 312 614 est.
387 575 606 614 Interdum
642 573 814 625 quidem
850 574 1153 612 ruminantium
1191 580 1309 628 jecur

45 651 353 693 Distomatibus
389 648 590 701 hepaticis
621 658 808 696 scatenS,
844 648 968 686 simul
995 648 1119 703 valde
1155 651 1311 692 aliena-

45 739 163 777 tum,
215 728 391 766 lixidum
421 735 462 764 et
489 724 619 762 molle
645 723 713 762 vel
740 723 906 763 friabile
941 728 1149 775 occurrit,
1193 727 1312 769 hicce

49 814 192 843 autem
227 814 354 842 status
394 815 418 840 a
452 799 661 840 vermibus
698 813 788 838 non
814 801 987 851 pendet.
1061 802 1314 855 Saepissime

47 883 177 930 enim,
205 890 252 917 ut
285 891 411 930 supra
440 877 540 925 dixi,
568 879 613 915 in
640 873 794 927 hepate
822 878 1040 916 sanissimo
1071 892 1313 931 occurrunt,

47 970 70 996 e
101 965 250 994 contra
281 967 382 994 vero
421 951 553 1004 hepar
584 951 716 990 molle
753 960 794 989 et
829 951 1006 991 lividum
1034 953 1193 1008 absque
1219 971 1313 996 ver.

44 1030 181 1076 mibus
211 1044 300 1068 non
326 1042 424 1067 raro
454 1027 694 1074 exhibetur,
724 1025 848 1079 quale
876 1041 914 1065 v.
945 1041 977 1065 c.
1005 1031 1052 1067 in
1078 1030 1149 1069 lue
1178 1031 1313 1072 bovil-

44 1106 86 1145 la
114 1106 184 1145 vel'
206 1105 460 1158 puhnonum
494 1103 606 1141 malo
637 1101 879 1153 epidemico
918 1103 1067 1144 videre
1092 1119 1184 1145 non
1210 1123 1310 1147 raro

45 1184 236 1234 contigit.
307 1181 345 1218 A
381 1179 473 1217 bilis
514 1178 770 1217 alienatione
807 1178 991 1229 quadam
1026 1182 1312 1224 Distomatum

45 1257 202 1297 horum
230 1254 386 1294 natalia
416 1254 622 1302 derivare,
650 1256 806 1291 rationi
836 1265 1169 1296 consentaneum
1189 1261 1312 1300 'vide-

44 1343 128 1382 tur‚
155 1332 229 1370 illa
254 1344 356 1370 vero
386 1343 514 1380 saepe
542 1328 666 1368 valde
694 1332 843 1382 exigua
869 1339 910 1368 et
936 1332 981 1369 in
1002 1345 1184 1384 corpore
1211 1336 1313 1374 inde

45 1407 241 1447 nondum
268 1405 378 1444 male
407 1402 559 1443 affecto
594 1405 739 1443 locum
767 1403 925 1444 habere
962 1418 1128 1459 potest;
1175 1414 1211 1449 si
1238 1410 1311 1451 he-

44 1486 152 1536 patis
182 1492 323 1520 autem
352 1490 394 1519 et
421 1483 547 1518 totius
576 1481 746 1519 demum
774 1485 967 1534 corporis
999 1483 1116 1525 labes
1153 1489 1311 1528 incres—

45 1561 118 1608 cit,
147 1570 310 1597 vermes
341 1556 503 1594 idcirco
531 1569 623 1595 :non
648 1559 887 1595 moriuntur
905 1556 1103 1610 hepatici,
1133 1564 1210 1601 sed
1227 1564 1311 1603 bile

44 1638 181 1688 magis
212 1632 394 1672 alienata
423 1641 465 1670 et
493 1634 756 1684 copiosiore.
773 1618 935 1672 facilius
962 1636 1311 1688 multiplicantur,

46 1709 205 1764 absque
233 1720 375 1748 tamen
403 1706 629 1747 habitaculi
657 1707 725 1748 vel
747 1712 945 1749 erosione
972 1711 1040 1750 vel
1061 1712 1314 1753 destructio-

45 1801 117 1827 ne.
169 1788 410 1826 Distomata
437 1797 538 1822 vero
568 1782 813 1822 chronicam
839 1796 1002 1825 tantum
1028 1790 1179 1840 jecoris
1210 1787 1312 1828 affe—

48 1865 250 1910 ctionem,
277 1875 357 1899 nec
386 1869 549 1898 acutam
575 1859 766 1910 perFerre
792 1861 1004 1911 videntur,
1033 1866 1077 1900 in
1101 1866 1312 1915 ejusmodi

47 1941 161 1979 enim
187 1936 346 1977 morbis
375 1936 637 1988 frequentius
667 1946 884 1987 apparent.
937 1938 1033 1990 Ipse
1053 1942 1202 1978 tamin
1224 1945 1311 1980 ovi—

46 2014 140 2063 bus,
170 2028 296 2067 quarn
322 2014 368 2053 in
395 2014 547 2064 capris,
574 2010 738 2061 bobus,
768 2015 923 2062 cervis,
951 2013 1092 2054 suibus
1122 2026 1166 2055 et
1194 2021 1309 2070 equis

45 2091 285 2132 Distomata
314 2090 387 2129 diu
415 2098 457 2127 et
489 2087 639 2126 sedulo
672 2088 904 2138 observavij
936 2099 976 2127 et
997 2101 1205 2141 auctores,
1235 2098 1308 2146 qui

45 2165 203 2203 malum
232 2167 375 2204 ovium
404 2164 666 2213 chronicum,
693 2178 907 2218 saepeque
932 2166 1213 2217 endemicum,
1242 2168 1309 2208 vel.

46 2243 250 2289 icterum‚
278 2240 518 2295 hydropem
556 2251 597 2279 et
632 2239 752 2292 hujus
788 2243 954 2294 generis
990 2226 1153 2294 reliqua
1182 2257 1205 2281 a
1233 2245 1309 2282 Di-

47 2326 227 2355 stomate
248 2316 487 2367 derivarint,
517 2330 787 2368 summopere
809 2330 967 2355 errasse
988 2327 1030 2355 et
1055 2317 1309 2358 coeffectum

46 2405 128 2444 pro
150 2405 293 2430 caussa
304 2390 859 2445 habuisse,persuasissimus
879 2406 982 2431 sum.
1010 2392 1214 2446 Reliquos
1234 2394 1307 2435 he-

46 2470 156 2520 patis
175 2481 354 2518 vermes,
380 2479 568 2509 monstra
593 2482 616 2507 a
640 2469 893 2522 Paisleyo
932 2477 974 2506 et
992 2469 1208 2509 Bondio
1235 2469 1307 2508 he-
