1801 3066
476 183 550 225 150

527 281 602 322 tali
644 279 820 334 depingi
857 280 1018 321 curavit
1060 279 1102 319 P.
1132 278 1387 320 —ForskaL
1430 281 1495 321 ed.
1533 283 1579 322 C.
1617 285 1750 326 Nie-

520 358 673 398 buhr.
703 356 801 396 ibid.
837 358 947 409 1776.
976 362 1014 408 4.
1042 356 1147 396 Tab.
1176 361 1241 409 54.
1272 372 1304 396 c.
1334 357 1360 383 θ(
1506 338 1509 339 ⁷

601 426 664 473 Ex
689 432 1016 473 Pterotracheae
1045 433 1276 483 aculeatae,
1307 434 1361 473 ad
1387 433 1662 491 Archipelagi
1684 440 1748 476 in·
1773 455 1780 463 .

522 518 711 568 gressum
740 510 905 560 obviae,
935 524 1017 549 ano
1037 509 1388 564 propendentem
1410 512 1516 550 vidjt
1539 514 1746 552 Taeniam

476 627 483 634 ,
520 586 1024 638 vivan1,.compressam,
1054 584 1298 627 filif0r1nem
1311 615 1324 635 ,
1369 586 1535 638 albam,
1573 591 1747 643 genicu-

516 664 566 704 lis
595 666 741 719 nigris,
773 661 970 701 articulos
995 662 1065 703 vel
1090 661 1331 716 elongando
1355 662 1425 701 vel
1447 656 1744 704 contrahendo

518 743 637 781 varie
677 754 722 779 se
756 738 1012 778 flectentem.
1050 761 1104 770 ——-
1157 739 1343 778 Taeniae
1380 753 1601 794 nunquam
1629 754 1745 783 com-

516 829 713 871 pressae,
743 815 819 854 sed
848 815 1103 867 depressae,
1139 827 1222 853 nec
1250 816 1470 869 geniculos
1500 828 1655 871 gerunt
1681 820 1744 857 ni·
1789 857 1794 859 ,

515 908 630 948 gros,
662 906 715 932 an
743 895 885 954 itaque
914 890 1130 930 Lumbrici
1157 891 1366 931 articulati
1384 895 1527 945 potius
1551 894 1744 946 species?

515 970 672 1024 Figura
701 971 987 1022 conjecturam
1025 966 1218 1006 admittit.

729 1112 770 1150 g.
822 1099 1471 1137 cruscaceorum..

460 1202 551 1253 ⁷447.
584 1198 807 1251 Philipp
845 1198 1162 1238 Cavolini’s
1207 1196 1492 1253 Abhandlung
1532 1198 1639 1239 iiber
1668 1200 1736 1240 die

513 1278 770 1329 Erzeugung
811 1276 889 1313 der
930 1272 1079 1312 Fische
1120 1274 1210 1313 und
1250 1275 1327 1313 der
1365 1275 1542 1314 Krebse.
1612 1276 1659 1314 A.
1692 1277 1737 1315 d.

513 1352 603 1391 Ital.
633 1364 721 1389 von
748 1350 793 1387 E,
824 1351 872 1388 A.
901 1351 966 1388 W.
996 1349 1283 1387 Zimmerm
1299 1364 1410 1389 ann.
1450 1350 1595 1390 Berlin
1626 1365 1737 1404 1792,

509 1437 549 1475 ὅ.
578 1429 603 1451 “k
657 1426 705 1464 In
730 1427 896 1465 Cancro
927 1424 1130 1476 depresso
1163 1424 1432 1463 Cavolini
1460 1426 1665 1465 Taeniam
1695 1442 1739 1466 se

514 1505 730 1544 invenisse
750 1502 901 1551 credit,
932 1499 1114 1539 articulis
1146 1499 1312 1539 duobus
1343 1511 1618 1550 constantem,
1648 1502 1740 1541 obi-

512 1592 579 1621 ter
613 1594 655 1631 p.
693 1578 776 1630 169.
816 1578 1096 1629 descriptam,
1138 1574 1242 1614 Tab.
1273 1589 1307 1613 2.
1337 1576 1424 1629 Fig.
1455 1590 1516 1614 22.
1547 1577 1737 1617 delinea-

510 1670 608 1697 tam.
663 1655 859 1694 Distoma
886 1655 1026 1705 potius
1057 1651 1244 1689 dicerem
1255 1680 1268 1699 ,
1299 1654 1411 1703 cujus
1442 1655 1611 1705 generis
1641 1643 1738 1706 spe--¹

511 1736 621 1773 ciem
648 1732 828 1769 maxime
859 1743 953 1767 cum
981 1730 1127 1767 vicinis
1157 1726 1459 1766 cohaerentem
1483 1728 1735 1778 (Fasciolam

511 1809 706 1858 nmblae)
744 1806 794 1844 O.
822 1805 855 1842 F
870 1819 892 1843 a
905 1805 931 1843 b
944 1807 989 1844 ri
1005 1820 1026 1843 c
1036 1807 1049 1842 i
1061 1818 1089 1842 u
1099 1818 1116 1843 s
1146 1803 1381 1855 descripsit.

780 1935 822 1973 lc.
877 1935 1407 1975 Insa-ecorum.

1386 1995 1390 2007 .

592 2039 676 2093 <De
704 2037 867 2077 Taenia
904 2033 1142 2088 praelonga
1184 2033 1238 2072 de
1275 2030 1471 2070 folliculo
1508 2019 1728 2085 bombycis

509 2114 691 2156 evoluta.
745 2113 793 2151 In
819 2112 947 2151 Acad.
977 2124 1064 2165 reg.
1095 2095 1226 2150 Paris.
1262 2112 1375 2162 1754.
1419 2105 1510 2146 hist.
1548 2107 1727 2146 Boeh-

508 2206 633 2231 mer.
688 2189 782 2230 Alia
820 2188 987 2242 agendo
1027 2188 1132 2226 haec
1160 2187 1403 2237 scripserit,
1444 2196 1618 2221 necesse
1651 2193 1727 2233 est,

508 2268 608 2308 loco
637 2269 749 2306 enim
778 2268 904 2304 citato
936 2264 1028 2315 (ed.
1059 2260 1294 2303 Amstelod.
1328 2259 1438 2311 1765.
1468 2266 1505 2305 8.
1534 2273 1576 2311 p.
1604 2263 1668 2310 44.
1688 2260 1726 2312 '‘)

508 2357 599 2384 non
626 2345 680 2383 de
709 2344 895 2391 Taenia,
926 2339 1196 2388 animalculo,
1235 2337 1312 2377 sed
1342 2337 1395 2375 de
1424 2338 1526 2376 vitta
1555 2334 1723 2387 (raban)

509 2434 650 2461 sermo
684 2431 760 2470 est,
790 2424 917 2473 quam
942 2418 1147 2456 Reaum
1158 2428 1220 2453 ur
1250 2428 1299 2454 ex
1327 2411 1538 2467 bombyce
1564 2410 1722 2464 longis-

1741 2481 1747 2498 Ι

508 2498 654 2540 simam
682 2496 837 2548 tradit.)
