1801 3066
1354 162 1401 189 21

189 250 389 289 describit
426 260 467 288 et
504 248 716 297 delineat,
772 261 928 300 corpus
972 260 1111 288 autem
1139 251 1326 291 Taeniae
1360 257 1400 292 ei

188 322 405 374 adscribit,
459 334 505 361 ut
537 323 840 374 proboscidem
889 324 1000 364 illius
1054 327 1187 365 solam
1225 328 1398 374 viderit:

184 404 376 442 Distoma
425 398 534 437 si‘stit
588 400 633 437 in
683 399 894 454 anguillae
944 404 1119 439 matrice
1166 403 1396 448 detectum:

171 490 223 530 4).
252 485 339 528 599.
370 476 424 514 (16
452 477 615 513 Taenia
646 474 880 529 anguillae,
909 476 1099 522 rhombi;
1127 478 1277 531 Ligula
1305 479 1396 518 bra-

180 566 299 600 mae,
330 561 504 596 truttam
535 551 590 589 de
617 551 828 590 vermibus
860 551 975 591 aselli
1006 553 1222 591 teretibus.

259 629 385 680 Ejus
445 629 718 665 continuatio
775 629 1037 666 Arcanos-um
1088 630 1290 667 Naturae.
1340 631 1394 669 ib.

182 705 295 757 1597.
315 709 352 754 4.
382 703 408 727 ’κ
432 707 557 753 Ρ.47.
589 704 642 740 cle
672 701 826 742 halecis
855 719 997 743 verme
1027 719 1076 743 ex
1105 706 1393 757 descriptione

177 795 266 819 non
294 779 606 832 dignoscendo,
637 779 783 818 forsan
809 782 1061 822 Diemmam.

125 863 185 903 38.
215 858 281 894 De
318 856 358 894 la
397 852 647 909 generatum
695 856 769 894 des
806 871 901 896 vers
953 857 1055 895 dans
1091 857 1132 896 le
1176 872 1299 910 corps
1336 860 1391 897 de

171 929 387 969 l'homme.
442 933 510 970 De
538 932 580 970 la
607 941 758 970 nature
798 943 838 970 et
878 932 950 970 (les
990 930 1160 983 especes
1197 934 1251 972 de
1283 945 1391 973 cette

170 1006 375 1055 maladie,
433 1009 486 1046 de
527 1022 591 1046 ses
634 1006 779 1055 effets,
837 1008 890 1045 de
921 1022 984 1046 ses
1024 1011 1184 1062 signes,
1242 1011 1296 1049 de
1325 1026 1389 1049 ses

168 1086 467 1136 prognostics:
506 1085 592 1122 Des
621 1086 804 1138 hloyens
836 1084 889 1122 de
918 1086 1008 1123 s’en
1035 1082 1282 1137 preserver,
1314 1086 1387 1124 des

169 1156 366 1198 remedes
411 1175 524 1212 pour
574 1160 614 1199 la
664 1157 811 1216 guerir
852 1171 929 1199 etc.
967 1161 1048 1199 Par
1076 1162 1135 1199 M.
1164 1162 1387 1201 Nicolas

168 1236 360 1290 Andry.
416 1239 531 1275 Avec
560 1239 661 1276 trois
698 1237 845 1276 lettres
876 1233 1027 1276 ecrites
1059 1231 1081 1275 a
1107 1236 1290 1276 l'auteur
1316 1253 1388 1277 sur

166 1309 210 1350 le
239 1314 344 1363 sujet
373 1313 458 1351 ·des
487 1328 601 1358 vers;
652 1313 716 1352 les
746 1313 857 1351 deux
890 1310 1124 1363 premieres
1156 1315 1386 1352 d'Amster-

170 1385 269 1423 dam
307 1400 385 1437 par
424 1389 484 1425 M.
531 1389 638 1425 Nic.
685 1387 1028 1424 Hartsoeker
1070 1399 1113 1426 et
1152 1388 1301 1427 l'autre
1331 1389 1386 1427 de

168 1462 305 1499 Rome
332 1476 411 1512 par
437 1464 497 1500 M.
529 1463 779 1514 Georges
811 1461 1038 1514 Baglivi.
1069 1459 1091 1499 a
1118 1462 1234 1500 Paris
1269 1476 1385 1511 1700.

167 1537 261 1586 468.
288 1550 332 1587 p.
361 1539 407 1573 in
435 1542 472 1581 S.
501 1540 539 1585 4,
579 1535 690 1574 tabb.
722 1539 768 1573 in
795 1542 832 1581 8.
865 1547 906 1573 et
938 1551 953 1573 1
985 1539 1029 1573 in
1057 1541 1143 1585 [tto.
1173 1539 1383 1576 Taeniam

163 1614 373 1665 integram
401 1613 562 1650 sistens.
591 1611 620 1637 *ι
674 1611 829 1664 (Axnst.
863 1624 975 1662 1701.
1009 1626 1065 1649 12.
1102 1625 1144 1663 p.
1174 1619 1265 1665 517.
1300 1614 1384 1654 tab.

168 1703 260 1727 aen.
307 1702 340 1729 1.
403 1688 726 1742 Dryander.)
810 1688 985 1725 Praeter
1025 1686 1232 1727 humanos
1276 1689 1380 1729 alios

167 1768 291 1804 etiam
310 1778 476 1803 vermes
502 1762 654 1812 habet,
682 1763 891 1816 plurimos
911 1776 1014 1802 vero
1043 1763 1211 1804 fictitios
1235 1777 1382 1805 auctor

168 1841 364 1880 credulus
401 1842 541 1880 tradit.
596 1842 802 1880 Taeniam
844 1840 1054 1893 (laeam)
1095 1855 1118 1879 a
1156 1840 1275 1879 Solio
1318 1842 1379 1880 di-

138 1920 366 1971 .stinguit,
420 1917 534 1955 illam
578 1919 716 1970 capite
758 1930 929 1965 carere,
985 1915 1094 1956 hanc
1133 1918 1379 1958 instructam

165 2008 276 2040 esse3
337 1993 480 2034 oscula
518 1997 665 2047 capitis
699 2003 882 2046 quatuor
916 1996 1101 2032 suctoria
1127 1997 1288 2047 primus
1318 1998 1378 2034 vi-

163 2072 244 2120 dit,
290 2071 367 2109 sed
393 2085 475 2123 pro
505 2071 635 2110 oeulis
664 2069 804 2111 habet.
882 2071 974 2108 Ova
1002 2070 1106 2109 Soh'i
1136 2084 1228 2110 non
1254 2073 1377 2125 igno-

161 2151 294 2196 ravit,
333 2146 438 2186 haec
467 2159 607 2186 autern
634 2149 794 2197 majora
821 2147 931 2186 facta
959 2161 1123 2187 vermes
1152 2150 1212 2187 sic
1240 2148 1374 2188 dictos

166 2222 448 2263 cucurbitinos
477 2225 642 2263 referre
667 2226 832 2272 statuit,
861 2235 908 2262 ut
936 2239 1031 2263 cum
1057 2224 1373 2272 Aristotele,

165 2311 291 2350 quem
320 2310 461 2339 tamen
490 2311 623 2350 tacet,
652 2299 736 2338 hoc
764 2312 963 2352 respectu
992 2304 1228 2341 conveniat.

112 2381 175 2428 39.
202 2369 312 2413 Dis's.
348 2390 418 2414 sur
452 2376 493 2415 la
526 2364 781 2418 nourriture-
799 2378 872 2417 des
902 2392 949 2417 os
976 2391 1055 2431 par
1089 2379 1252 2417 Louis
1282 2379 1374 2417 Le-

159 2464 316 2505 mery.
356 2452 468 2491 Paris
507 2464 550 2492 et
575 2455 709 2495 Leide
743 2460 853 2508 1709
882 2462 923 2502 8.
961 2455 1127 2507 belgice
1155 2469 1250 2494 cum
1277 2455 1372 2492 De-
