1801 3066
411 146 466 191 44

465 245 604 285 cibum
631 246 742 285 male
771 247 1135 300 concoquentibus
1166 251 1373 294 asseritur.
1425 250 1674 298 Lumbricos

467 323 523 362 ad
549 326 687 375 ipsum
715 324 974 376 quandoque
1005 325 1233 364 ascendere
1262 325 1561 374 ventricuhun3
1609 342 1676 369 1a-

463 402 625 437 riorem
654 413 744 438 esse
771 399 968 438 lumbrici
994 400 1068 438 lati
1097 405 1428 454 generationem.

414 490 476 529 97.
507 476 685 516 Caelii
724 475 1004 514 Aureliani
1046 476 1099 514 de
1128 476 1287 516 morbis
1325 481 1452 518 acutis
1485 490 1526 519 et
1555 479 1677 519 chro-

464 555 566 594 nicis
595 552 692 592 libri
719 537 827 592 VIII.
868 567 918 590 ex
944 567 1106 591 recens.
1145 555 1218 591 Jo.
1259 555 1416 592 Conr.
1454 558 1675 610 Amman.

465 629 637 670 Amstel.
673 643 784 681 1709.
813 633 849 680 4.
880 630 906 654 '³‘
958 629 1008 666 In
1034 627 1229 683 hydrope
1260 640 1301 668 et
1327 633 1372 669 in
1399 634 1563 670 vesicae
1590 646 1679 671 ma-

464 705 516 745 lis
546 705 767 760 hydatides
798 720 823 744 a
852 704 1046 745 Caelio
1084 717 1301 746 annotatas
1333 722 1446 755 esse,
1490 695 1688 754 Hallef.

463 797 554 822 rus
591 781 717 833 (Bibl.
746 781 857 819 med.
885 792 1016 834 praet.
1051 796 1083 820 1.
1121 797 1160 835 p.
1192 787 1303 836 209.)
1333 785 1485 830 refert,
1530 783 1607 821 sed
1634 785 1680 821 in

467 861 603 910 capite
635 858 686 912 cle
716 856 912 912 hydrope
949 872 1005 896 ne
1033 858 1210 899 verbum
1239 861 1415 913 quidem
1445 860 1498 899 de
1526 858 1679 907 iisdem

465 936 660 982 invenio,
704 945 746 973 et
775 934 908 974 altero
936 935 1034 974 loco
1064 935 1157 987 (lib.
1187 937 1237 975 V.
1269 939 1370 990 Cap.
1400 938 1468 977 IV.
1496 951 1536 989 p.
1567 937 1677 986 570.)

465 1013 578 1049 inter
606 1012 769 1049 vesicae
806 1011 915 1050 mala
945 1022 1089 1066 guttae
1120 1013 1344 1066 aquatiles,
1385 1027 1486 1066 quas
1517 1011 1680 1066 hydati-

470 1088 544 1126 des
574 1098 753 1136 vocant,
792 1099 1116 1137 enumerantur,
1161 1088 1280 1128 nullo
1318 1103 1420 1129 vero
1450 1087 1583 1126 modo
1613 1100 1682 1124 ex-

468 1163 693 1217 plicantur.
747 1163 796 1202 In
833 1168 969 1216 capite
1007 1166 1059 1204 de
1087 1164 1300 1203 lumbricis
1340 1164 1430 1215 (lib.
1459 1165 1528 1203 IV.
1579 1166 1680 1215 Cap.

465 1241 577 1279 VIII.
605 1253 644 1292 p.
673 1243 912 1294 555-545.)
943 1242 995 1280 de
1024 1243 1149 1295 signis
1182 1255 1230 1279 ex
1257 1243 1460 1279 vermium
1490 1250 1682 1278 mortuo-

467 1331 564 1356 rum
592 1317 660 1356 vel
689 1319 906 1366 vivorum,
937 1317 1132 1355 alborum
1158 1318 1226 1356 vel
1254 1317 1684 1370 sanguinolentorum

469 1393 710 1444 dejectione
742 1396 837 1445 agit.
886 1393 1066 1430 Vermes
1095 1393 1310 1430 interdum
1337 1392 1534 1430 ulceratis
1567 1403 1683 1429 acce-

470 1468 575 1507 dere
613 1469 820 1506 intestinis
858 1478 1028 1516 monet,
1074 1467 1220 1506 ulcera
1257 1481 1282 1506 a
1308 1468 1522 1507 vermibus
1558 1468 1681 1517 facta,

470 1543 613 1597 qualia
648 1554 927 1595 posterorum
956 1542 1181 1581 credulitas
1212 1543 1401 1592 admisit,
1445 1544 1496 1583 ab
1528 1545 1683 1584 eodem

467 1621 735 1672 ignorantur.
805 1620 978 1657 vermes
1017 1618 1246 1670 aliquando
1285 1630 1439 1671 sponte
1469 1632 1684 1658 connexos

467 1697 513 1733 in
551 1694 755 1747 sphaerae
805 1695 1147 1745 similitudinem,
1205 1695 1431 1747 aliquando
1465 1696 1684 1747 plurimos

469 1772 682 1823 amplexu
709 1782 862 1811 mutuo
892 1772 1170 1815 vinculatos,
1215 1771 1442 1824 aliquando
1471 1770 1682 1811 solitarios

472 1847 650 1887 excludi.
706 1848 846 1888 Verba
886 1849 1033 1887 litteris
1072 1848 1279 1887 inclinatis
1311 1862 1505 1901 expressa
1534 1851 1683 1902 utique

473 1924 675 1975 obscura,
713 1936 761 1965 ut
799 1926 1039 1965 Caelium
1070 1925 1123 1964 de
1151 1925 1364 1980 vermibus
1394 1924 1681 1975 cucurbitinis,

473 2001 618 2055 quales
654 2005 817 2054 posteri
854 2002 1070 2052 finxerint,
1120 2012 1267 2040 mutuo
1308 2001 1388 2041 sibi
1434 2000 1602 2041 annexis
1640 2011 1684 2040 et

472 2076 555 2116 hoc
583 2078 714 2116 modo
731 2079 935 2118 Taeniam
964 2078 1333 2131 componentibus,
1361 2078 1551 2118 locutum
1576 2091 1681 2127 esse,

473 2157 655 2206 suspicio
685 2157 788 2193 oriri
815 2157 958 2206 possit.

420 2235 484 2285 98.
505 2230 561 2269 A]
576 2245 596 2269 e
608 2246 632 2268 x
646 2245 668 2268 a
679 2244 708 2268 n
718 2231 744 2268 d
756 2233 799 2276 ri
809 2231 1011 2286 Tralliani
1025 2233 1077 2271 de
1091 2231 1305 2270 lumbricis
1320 2231 1513 2284 epistola,
1530 2245 1683 2285 graece

476 2317 518 2347 et
544 2306 674 2345 latine
690 2322 738 2345 ex
759 2308 1032 2347 translatione
1062 2310 1279 2347 Hieron.
1309 2307 1682 2357 Mercurialis,

477 2384 589 2422 edita
620 2398 713 2421 cum
742 2383 862 2437 hujus
890 2387 1013 2425 variis
1052 2384 1317 2424 lectionibus.
1387 2387 1537 2423 Venet.
1571 2391 1682 2434 1570.

475 2459 723 2513 4.Haller.
744 2461 884 2518 plagg.
906 2460 1159 2510 222-Boehm
1174 2476 1236 2501 er.
1258 2467 1367 2516 1571.
1387 2461 1683 2518 Dryander.
