1801 3066
1246 178 1321 227 149

104 285 174 338 gia
204 287 398 332 animata,
426 281 657 333 praemissa
684 279 933 316 tractatione
963 278 1015 317 de
1041 281 1318 332 generatione

107 362 350 412 aequivoca.
408 357 596 409 Gotting.
630 358 740 406 1775.
781 367 821 405 p.
850 353 914 403 64.
943 358 980 403 4.
1009 356 1033 379 ’<
1084 355 1207 393 Bona
1235 354 1318 393 dis-

110 438 294 476 sertatio.
348 435 509 471 Auctor
540 439 659 469 caute
687 428 859 476 incedit,
891 427 1018 467 dubia
1046 438 1186 469 tamen
1214 429 1318 468 alio-

105 526 201 551 rum
239 519 386 548 contra
427 509 746 562 generationem
785 506 1060 558 aequivocam
1098 508 1317 556 proposita

100 585 226 624 facile
266 585 404 624 refelli
431 597 559 636 posse
590 582 785 621 ostendit.
853 582 1071 620 Vermium
1101 583 1316 619 intestina-

107 661 212 700 lium
243 672 383 700 ortum
413 670 532 700 sueto
561 673 684 697 more
715 657 913 710 explicari
940 671 1030 697 non
1055 670 1191 709 posse.
1247 656 1316 694 De

101 724 458 777 exanthematibus
488 738 545 774 sic
583 736 702 775 dictis
732 737 845 774 vivis.

44 820 133 867 53²}-
162 815 195 853 J.
224 814 266 852 F.
297 814 503 866 Sigism.
534 813 807 851 Posewitz
837 811 965 862 Epist.
994 819 1099 864 grat.
1122 808 1313 848 Lumbri·

101 906 196 931 cum
234 900 437 939 teretem,
481 890 710 936 Taeniam,
752 888 999 935 Ascarides,
1030 896 1071 925 et
1098 884 1314 925 Trichuri-

105 968 178 1006 des
213 980 303 1006 non
334 980 424 1005 esse
454 979 618 1005 vermes
656 966 829 1016 corpori
858 965 1130 1001 animantium
1159 975 1315 1000 conna-

102 1054 194 1092 tos‚
241 1043 318 1082 sed
355 1045 398 1080 in
425 1042 470 1081 id
508 1044 648 1094 potius
685 1040 854 1088 inferri,
898 1038 1125 1077 ostendere
1161 1037 1316 1077 studet:

92 1119 231 1161 Viteb.
267 1125 378 1172 1783.
422 1133 480 1156 12.
517 1132 557 1170 p.
587 1125 626 1168 4.
679 1121 942 1173 Argumenta
976 1125 1080 1154 nota
1115 1116 1193 1152 ista
1229 1125 1311 1164 pro

94 1199 314 1235 sententia.
369 1197 633 1249 Doering.

43 1272 267 1312 535.·Diss.
306 1273 360 1311 de
399 1274 604 1311 vermium
641 1268 940 1309 intestinali‘um
966 1269 1104 1319 prima
1132 1268 1310 1320 origine,

97 1348 236 1400 deque
273 1352 397 1386 unice
434 1361 535 1385 vera
575 1360 621 1386 ac
651 1345 741 1382 sola
778 1344 974 1381 rationali
1013 1357 1086 1382 eos
1119 1345 1314 1383 extermi-

95 1423 229 1470 nandi
256 1421 474 1461 methodo.
525 1423 644 1460 Auct.
682 1422 754 1457 Jo.
784 1419 960 1457 Adam.
998 1419 1189 1458 Braun.
1217 1419 1309 1457 Jen.

98 1502 212 1548 1804.
242 1500 313 1549 (ut
344 1513 389 1537 ex
419 1497 630 1536 Starkii
657 1504 975 1547 programmate
1004 1496 1143 1547 (615.)
1170 1505 1312 1546 patet3

94 1576 139 1612 in
171 1573 475 1612 dissertationis
506 1573 617 1610 enim
647 1571 791 1608 fronte
821 1583 953 1608 annus
987 1571 1098 1614 1306.
1126 1568 1313 1622 legitur)

93 1650 157 1691 55.
187 1663 228 1700 P.
259 1653 295 1693 8.
335 1649 578 1699 Disputatio
621 1649 805 1701 egregia.
869 1643 1137 1699 Hypotheses
1165 1644 1311 1699 vulga—

95 1740 162 1764 res
190 1727 397 1764 vermium
421 1726 596 1781 genesin
618 1737 708 1762 non
731 1721 954 1774 explicare,
985 1723 1311 1775 generationem

96 1805 239 1854 itaque
279 1803 554 1854 aequivocam
584 1800 788 1848 admittit,
834 1811 1085 1850 vermesque
1117 1812 1166 1835 ex
1194 1798 1311 1836 dissi-

96 1877 322 1916 milationis
363 1890 567 1928 processu
605 1879 649 1914 in
678 1889 862 1927 corpore
892 1874 1061 1913 animali
1090 1866 1327 1912 debilitato¹

101 1953 321 1993 obtinente
362 1956 469 1992 oriri
504 1955 657 1991 statuit.
730 1952 924 1990 Ascaridi
961 1949 1231 1989 lumbricoidi
1272 1960 1312 1988 et

97 2031 286 2069 Taeniae
317 2030 444 2069 colon
470 2043 553 2083 pro
584 2027 822 2067 habitaculo
851 2041 1079 2080 perperam
1104 2027 1308 2082 designat.

98 2108 198 2146 Pars
229 2105 516 2157 therapeutica
544 2105 672 2144 laude
702 2105 841 2159 digna.

216 2235 255 2274 b.
295 2237 367 2275 De
389 2236 596 2289 partibus
622 2236 840 2274 vermium
865 2232 1152 2286 genitalibus.

49 2331 141 2375 536.
173 2331 249 2371 Ol.
285 2334 520 2379 Boi-*rich
561 2349 614 2375 an
651 2338 763 2375 visus
791 2337 843 2374 sit
869 2346 1057 2387 unquam
1082 2330 1311 2371 lumbricus

99 2408 312 2449 {umbrico
339 2396 508 2450 foetus?
555 2413 605 2453 In
631 2411 795 2452 Barth
812 2410 955 2450 olini
981 2410 1071 2450 Act.
1099 2410 1232 2448 Havn.
1261 2410 1312 2448 T.

101 2485 172 2524 III.
204 2495 244 2524 et
272 2485 341 2523 IV.
378 2499 420 2536 p.
453 2492 537 2539 157.
567 2489 593 2513 ⁴<
630 2503 719 2527 non
759 2487 952 2541 prolem,
1002 2473 1077 2525 sed
1113 2486 1313 2523 intestina
