1801 3066
466 198 538 238 180

460 293 556 330 sint.
609 289 704 331 Hac
729 288 893 344 saepius
922 295 1098 335 mutata,
1125 281 1369 339 eidemque,
1405 288 1503 326 anni
1530 287 1732 340 'temporis

461 370 628 410 natione
655 366 819 414 habita,
853 379 932 419 per
967 377 1101 402 unum
1141 362 1371 402 alterumve
1407 362 1520 402 diem
1548 365 1731 412 immissi,

462 459 625 485 vermes
653 443 824 483 tandem
853 442 1067 494 purissimi
1101 438 1309 488 evadunt,
1346 449 1386 479 et
1424 438 1627 479 alcoholis
1663 439 1737 479 de-

463 536 580 561 mum
607 519 793 574 pauxillo
823 517 988 564 adfuso,
1018 517 1092 569 qui
1118 516 1163 554 in
1191 513 1274 553 hoc
1302 515 1396 555 solo
1425 518 1736 563 conserventur,

466 600 554 652 apti
581 598 699 639 fiunt.
738 596 784 634 Si
811 594 909 634 huic
935 607 1035 632 mox
1062 593 1356 640 immittuntur,
1384 594 1506 631 nimis
1536 594 1738 632 contracti

462 676 616 715 faciem
643 681 828 721 mutant,
869 670 1056 709 colorem
1085 668 1307 707 sordidum
1334 670 1651 717 nanciscuntur,
1681 668 1739 709 al-

465 751 593 792 cohol
618 763 719 790 vero
749 746 953 794 turbatur,
981 755 1031 784 ut
1059 746 1213 784 eodem
1241 745 1406 796 saepius
1437 745 1738 787 commutando

465 841 574 881 opus
602 829 665 866 sit.
721 825 822 878 Quo
851 819 1017 875 saepius
1045 808 1146 860 vero
1176 823 1400 860 examinari
1428 823 1616 874 possint,
1658 834 1740 861 nee

466 905 634 955 spiritus
670 900 797 940 facile
833 907 1104 952 evaporetur,
1147 900 1194 938 in
1227 898 1403 938 vasculis
1437 901 1577 937 vitreis
1603 899 1738 938 fundo

466 977 802 1031 hemisphaerieo
830 976 896 1015 vel
936 973 1238 1026 subsphaerico
1276 977 1391 1029 (quo
1418 987 1486 1013 res
1517 983 1743 1014 contentae

470 1065 619 1095 auctae
642 1055 913 1106 appareant),
944 1050 1143 1104 colloque
1165 1060 1342 1105 angusto
1361 1053 1585 1098 instructis,
1608 1052 1741 1103 puris,
1799 1092 1801 1095 ,

469 1131 622 1172 subere
658 1129 885 1177 obturatis,
924 1137 965 1167 et
1002 1126 1202 1166 alcohole
1240 1128 1295 1167 ad.
1330 1129 1486 1168 ostium
1512 1140 1651 1181 usque
1676 1114 1744 1165 re'·
1773 1110 1775 1112 .

469 1208 604 1262 pletis,
633 1209 795 1258 optime
823 1214 1135 1244 conservantur.
1409 1243 1421 1262 e

549 1284 722 1322 Vermes
751 1285 784 1321 si
812 1282 991 1320 examini
1018 1278 1224 1329 subjicere
1252 1280 1415 1317 animus
1446 1289 1520 1327 est,
1546 1281 1744 1319 recentis-

473 1362 617 1406 simos,
650 1367 692 1397 et
719 1360 754 1396 si
780 1357 871 1397 fieri
897 1364 1051 1407 potest,
1079 1357 1194 1393 vivos
1215 1355 1361 1408 eligas;
1386 1358 1572 1406 primum
1600 1356 1745 1410 quales

474 1433 609 1485 oculis
636 1432 776 1482 nudis,
807 1440 898 1470 tum
928 1430 1072 1484 quales
1100 1429 1214 1470 lente
1241 1409 1421 1483 simplici
1441 1433 1626 1476 armatis,
1656 1441 1746 1471 tan-

471 1512 573 1552 ‘dem
601 1512 676 1565 qui
703 1509 780 1548 sub
807 1509 1089 1559 microscopio
1121 1517 1366 1559 appareant,
1395 1508 1746 1560 comparandum.

470 1587 748 1637 Microscopii
773 1597 859 1624 non
889 1584 1039 1622 desunt
1075 1596 1246 1631 osores,
1281 1581 1324 1621 hi
1359 1594 1499 1623 autem
1536 1587 1747 1624 coecutire

472 1675 606 1718 'quam
643 1662 795 1700 instrui
839 1660 1107 1712 praeferunt,
1150 1671 1203 1697 eo
1247 1661 1359 1698 enim
1396 1660 1586 1698 destituti
1618 1660 1747 1715 longe

473 1739 657 1793 plurima
682 1738 986 1791 ignoraremus,
1017 1745 1059 1774 et
1086 1734 1287 1775 historiae
1314 1736 1528 1783 naturalis,
1556 1737 1746 1788 inprimis

477 1824 619 1855 autem
665 1809 1051 1866 Helminthologiae
1094 1810 1219 1865 adyta
1259 1811 1476 1850 reserandi
1514 1814 1632 1851 omni
1673 1826 1749 1866 spe

475 1891 792 1932 frustraremurr
841 1889 977 1926 Variis
1005 1900 1106 1926 vero
1134 1888 1407 1940 microscopii
1439 1886 1645 1937 lentibus,
1680 1901 1747 1929 re-

477 1981 574 2009 rum
600 1965 895 2019 magnitudine
928 1966 1041 2003 varie
1078 1972 1222 2011 aucta,
1259 1962 1408 2016 hisque
1445 1977 1545 2018 ergo
1581 1965 1754 2005 diverso

462 2044 614 2099 ‘modo
640 2041 764 2082 nobis
792 2039 965 2089 oblatis,
1001 2041 1207 2080 utendum
1235 2048 1308 2079 est.
1363 2040 1469 2079 Sunt
1505 2043 1579 2093 qui
1614 2039 1748 2081 lentes

481 2121 679 2161 fortiores
715 2118 849 2157 rarius
888 2115 1112 2165 adhibent,
1146 2115 1247 2155 inde
1283 2124 1423 2156 autem
1450 2130 1589 2155 rerum
1616 2116 1748 2169 pluri-

478 2209 644 2237 marum
671 2196 855 2247 speciem
881 2206 1024 2232 veram
1048 2205 1268 2246 nunquam
1296 2195 1520 2246 attingunt;
1549 2201 1749 2233 entozoo-

480 2287 577 2314 rum
615 2274 727 2312 enim
759 2279 898 2324 partes
933 2271 1198 2324 tenuissimae
1230 2268 1309 2308 illis
1337 2270 1507 2308 exclusis
1535 2268 1659 2308 nobis
1685 2272 1750 2309 in·

481 2351 673 2404 cognitae
689 2355 920 2394 manerent,
939 2348 1054 2398 cujus
1072 2344 1261 2398 exempla
1280 2347 1325 2385 in
1342 2346 1543 2384 Taeniae
1560 2359 1748 2399 capreae

483 2423 780 2479 Abilgaard
817 2422 1162 2476 (Polyscomacz‘s
1189 2419 1462 2461 denticulata·
1488 2421 1590 2461 mihi
1618 2422 1743 2474 dicti)

483 2512 680 2554 corpore,
717 2509 760 2540 et
795 2502 839 2539 in
865 2497 1236 2554 Bothrioceplcali
1272 2497 1482 2538 corollaci
1519 2499 1746 2550 (Taeniae
