1801 3066
477 209 527 251 72

535 305 691 345 eodem
729 303 954 342 sententias
985 302 1179 358 collegit:
1230 317 1332 343 num
1361 304 1416 343 ad
1441 317 1605 344 vermes
1632 310 1736 346 v‘ero

536 383 767 434 pertineat,
795 389 938 417 utrum
965 381 1113 418 insecti
1141 383 1191 417 sit
1217 379 1360 428 larva,
1399 377 1550 419 dubius
1578 378 1739 430 haeret,

538 457 657 510 quod
685 455 768 495 hoc
797 453 942 493 saltem
971 465 1166 504 tempore
1195 453 1286 492 fieri
1313 469 1438 506 posse
1465 458 1642 495 mireris.
1693 478 1698 483 ·

614 532 676 582 (In
697 534 728 570 B
745 545 769 569 0
787 528 995 569 ehmeri
1016 528 1300 568 Bibliotheca:
1328 530 1376 568 F:
1393 531 1444 569 G.
1469 531 1741 570 Constan-

536 611 665 648 tini'
689 609 775 648 Cur
820 606 890 644 des
938 607 1222 645 Haarvmrms.
1304 607 1496 647 Hannov.
1534 608 1740 661 Magazin,

528 685 653 728 1775·
694 699 733 736 p.
770 684 968 728 113-128.
998 684 1025 708 ’‘
1063 683 1236 730 citatur,
1283 680 1366 720 huc
1405 692 1545 721 autem
1571 684 1742 720 minime

538 763 742 813 pertinet;
774 769 920 798 auctor
943 760 1053 798 enim
1075 758 1129 796 de
1154 757 1410 813 erysipelatis
1435 758 1588 809 specie,
1617 771 1745 809 quam

538 835 735 877 'morbum
766 834 1007 888 capillarem
1033 844 1182 884 vocat,
1208 848 1288 874 nec
1317 835 1368 877 de
1396 848 1540 874 verme
1569 836 1692 890 agit.)

689 1020 727 1064 b,
780 1019 984 1063 Filariae
1009 1018 1242 1056 variorum
1271 1016 1543 1054 animalium.

489 1153 580 1191 227,
610 1142 769 1180 Henr.
811 1143 1132 1181 Scriverius
1174 1149 1214 1178 et
1251 1141 1361 1179 Nic.
1401 1138 1665 1178 Stenonis
1701 1139 1746 1178 in

544 1217 842 1268 cercopithecis
863 1219 893 1254 F
897 1218 1036 1268 ilarias
1065 1219 1335 1254 invenerunt.
1363 1216 1452 1253 Act.
1476 1213 1601 1252 Hafn.
1627 1213 1746 1252 Bar-

544 1291 745 1331 tholin.
774 1295 812 1332 T
853 1293 892 1330 11
935 1307 977 1343 p.
1012 1292 1072 1338 13,
1107 1296 1163 1339 ¹4·
1193 1291 1219 1315 ⁴‘

490 1372 577 1411 228.
607 1367 784 1404 Fssariae
813 1370 855 1405 in
885 1369 1041 1403 Simiae
1067 1364 1224 1416 Mydae
1259 1378 1359 1402 cavo
1391 1364 1648 1403 abdominali
1673 1378 1746 1416 pe-

543 1443 782 1480 ritonaeum
806 1444 916 1479 inter
939 1450 979 1478 et
1001 1440 1198 1476 intestina
1217 1447 1428 1489 repertae,
1459 1447 1500 1477 et
1522 1453 1545 1477 a
1566 1440 1749 1492 Quen-

546 1517 688 1554 selio
728 1518 919 1555 societati
959 1513 1125 1551 oblatae
1166 1515 1210 1551 in
1237 1513 1332 1550 Vet.
1374 1515 1445 1553 Ac.
1472 1515 1567 1568 Nya
1594 1515 1748 1555 Handl.

546 1594 657 1632 1800.
685 1606 725 1642 p.
758 1592 848 1629 335.
878 1590 904 1614 θ’
938 1590 1095 1627 mentio
1125 1587 1181 1626 fit.
1634 1603 1667 1609 α

491 1679 580 1719 229.
609 1667 711 1704 Vin
724 1680 744 1704 c
758 1679 819 1704 en
833 1668 910 1703 tiu
923 1678 939 1702 s
967 1665 1005 1703 R
1018 1677 1042 1702 o
1058 1677 1074 1701 s
1088 1677 1103 1701 s
1117 1677 1139 1701 a
1177 1662 1397 1713 (Giornale
1424 1659 1747 1704 fisieo-niddico

547 1743 589 1780 (Β
627 1739 987 1796 Brugnatelli
1032 1744 1144 1792 1794.
1194 1738 1289 1778 Vol.
1327 1746 1365 1784 5.
1403 1752 1444 1777 n.
1485 1740 1549 1778 23.
1586 1753 1746 1780 recens.

547 1819 660 1857 Gott.
693 1819 789 1855 Anz.
829 1830 938 1868 ¹79·
965 1830 1006 1867 p.
1040 1828 1125 1854 101.
1148 1816 1196 1870 *)
1224 1818 1268 1853 in
1295 1814 1477 1855 Mustela
1497 1816 1637 1854 Marte
1656 1829 1749 1855 ver-

546 1908 634 1934 mes
674 1893 952 1932 subcutaneos
963 1919 977 1939 ,
1017 1905 1122 1943 quos
1154 1891 1318 1931 Gordio
1355 1891 1589 1931 medinensi
1618 1892 1748 1932 adnu-

547 1980 706 2015 merat,
746 1967 984 2019 similesque
1012 1967 1088 2006 sub
1119 1977 1212 2006 cute
1239 1970 1357 2007 Lanii
1385 1967 1667 2015 Colluriom's,
1704 1969 1748 2006 in

547 2046 715 2084 Ardeae
742 2047 889 2099 nigrae
917 2047 1196 2094 mesenterio,
1226 2043 1400 2098 aliisque
1427 2047 1473 2087 in.
1500 2042 1746 2085 animalibus

545 2123 716 2173 reperit.
796 2102 801 2105 ῃ

497 2198 584 2237 230.
617 2195 735 2235 Chr.
764 2197 942 2237 Franc.
976 2197 1265 2238 Paullinus
1294 2197 1353 2246 (in
1373 2196 1471 2247 Ejus
1495 2195 1614 2237 Obss.
1635 2195 1745 2235 med.

549 2272 667 2328 phys.
695 2270 801 2323 Eph.
829 2274 922 2311 Nat.
953 2274 1047 2313 Cur.
1078 2271 1272 2324 Append.
1303 2272 1356 2310 ad
1382 2273 1485 2311 Dec.
1513 2284 1551 2314 2.
1579 2272 1687 2310 Ann-
1709 2272 1746 2311 5.

549 2361 590 2400 p.
623 2362 681 2400 19.
709 2349 755 2400 *)
806 2350 913 2387 eirca
953 2350 1082 2386 anatis
1122 2361 1196 2386 cor
1231 2346 1429 2398 pusillum
1467 2345 1747 2399 deprehendit

551 2423 839 2477 serpentulum
867 2423 1089 2476 (Filariam)
1117 2435 1245 2478 gyros
1265 2436 1363 2462 suos
1378 2425 1487 2463 mire
1507 2422 1745 2462 facientem.
