<?xml version="1.0" encoding="UTF-8"?>
<!DOCTYPE html PUBLIC "-//W3C//DTD XHTML 1.0 Transitional//EN"
    "http://www.w3.org/TR/xhtml1/DTD/xhtml1-transitional.dtd">
<html xmlns="http://www.w3.org/1999/xhtml" xml:lang="en" lang="en">
 <head>
  <title>
</title>
<meta http-equiv="Content-Type" content="text/html;charset=utf-8" />
  <meta name='ocr-system' content='tesseract 3.04.00' />
  <meta name='ocr-capabilities' content='ocr_page ocr_carea ocr_par ocr_line ocrx_word'/>
</head>
<body>
  <div class='ocr_page' id='page_1' title='image "./entozoorumsiveve11808rudo_0219.png"; bbox 0 0 1801 3066; ppageno 0'>
   <div class='ocr_carea' id='block_1_1' title="bbox 99 169 1366 844">
    <p class='ocr_par' dir='ltr' id='par_1_1' title="bbox 99 169 1366 844">
     <span class='ocr_line' id='line_1_1' title="bbox 1289 169 1363 211; baseline 0.014 -17"><span class='ocrx_word' id='word_1_1' title='bbox 1289 169 1363 211; x_wconf 60' lang='lat'>³33</span> 
     </span>
     <span class='ocr_line' id='line_1_2' title="bbox 101 250 1364 300; baseline -0.001 -2"><span class='ocrx_word' id='word_1_2' title='bbox 101 258 169 299; x_wconf 82' lang='lat' dir='ltr'>vel</span> <span class='ocrx_word' id='word_1_3' title='bbox 198 258 345 298; x_wconf 85' lang='lat' dir='ltr'>saltem</span> <span class='ocrx_word' id='word_1_4' title='bbox 374 257 626 296; x_wconf 80' lang='lat' dir='ltr'>extrinsecus</span> <span class='ocrx_word' id='word_1_5' title='bbox 655 250 800 300; x_wconf 89' lang='lat' dir='ltr'>allata,</span> <span class='ocrx_word' id='word_1_6' title='bbox 840 261 923 290; x_wconf 87' lang='lat' dir='ltr'>nec</span> <span class='ocrx_word' id='word_1_7' title='bbox 961 252 1016 291; x_wconf 78' lang='lat' dir='ltr'>ad</span> <span class='ocrx_word' id='word_1_8' title='bbox 1050 257 1177 295; x_wconf 83' lang='lat' dir='ltr'>vitam</span> <span class='ocrx_word' id='word_1_9' title='bbox 1204 256 1364 297; x_wconf 82' lang='lat' dir='ltr'>ibidem</span> 
     </span>
     <span class='ocr_line' id='line_1_3' title="bbox 105 327 1365 389; baseline 0.001 -17"><span class='ocrx_word' id='word_1_10' title='bbox 105 336 346 389; x_wconf 81' lang='lat' dir='ltr'>degendam</span> <span class='ocrx_word' id='word_1_11' title='bbox 373 343 492 380; x_wconf 84' lang='lat' dir='ltr'>nata,</span> <span class='ocrx_word' id='word_1_12' title='bbox 520 330 711 369; x_wconf 87' lang='lat' dir='ltr'>Entozoa</span> <span class='ocrx_word' id='word_1_13' title='bbox 740 327 823 365; x_wconf 84' lang='lat' dir='ltr'>dici</span> <span class='ocrx_word' id='word_1_14' title='bbox 853 340 1096 380; x_wconf 86' lang='lat' dir='ltr'>nequeunt;</span> <span class='ocrx_word' id='word_1_15' title='bbox 1138 333 1365 388; x_wconf 78' lang='lat' dir='ltr'>Zoophyta</span> 
     </span>
     <span class='ocr_line' id='line_1_4' title="bbox 102 406 1364 463; baseline -0.002 -12"><span class='ocrx_word' id='word_1_16' title='bbox 102 425 207 451; x_wconf 82' lang='lat' dir='ltr'>vero</span> <span class='ocrx_word' id='word_1_17' title='bbox 246 408 516 463; x_wconf 80' lang='lat' dir='ltr'>paucissima,</span> <span class='ocrx_word' id='word_1_18' title='bbox 555 418 665 457; x_wconf 84' lang='lat' dir='ltr'>quae</span> <span class='ocrx_word' id='word_1_19' title='bbox 703 406 747 442; x_wconf 88' lang='lat' dir='ltr'>in</span> <span class='ocrx_word' id='word_1_20' title='bbox 784 416 968 456; x_wconf 80' lang='lat' dir='ltr'>corpore</span> <span class='ocrx_word' id='word_1_21' title='bbox 994 406 1090 444; x_wconf 89' lang='lat' dir='ltr'>vivo</span> <span class='ocrx_word' id='word_1_22' title='bbox 1121 420 1364 458; x_wconf 83' lang='lat' dir='ltr'>occurrunt,</span> 
     </span>
     <span class='ocr_line' id='line_1_5' title="bbox 102 480 1365 534; baseline 0.002 -11"><span class='ocrx_word' id='word_1_23' title='bbox 102 485 369 534; x_wconf 87' lang='lat' dir='ltr'>microscopii</span> <span class='ocrx_word' id='word_1_24' title='bbox 409 492 571 521; x_wconf 83' lang='lat' dir='ltr'>tantum</span> <span class='ocrx_word' id='word_1_25' title='bbox 608 493 691 532; x_wconf 86' lang='lat' dir='ltr'>ope</span> <span class='ocrx_word' id='word_1_26' title='bbox 730 480 1031 531; x_wconf 82' lang='lat' dir='ltr'>conspicienda</span> <span class='ocrx_word' id='word_1_27' title='bbox 1060 481 1268 523; x_wconf 74' lang='lat' dir='ltr'>difficilius</span> <span class='ocrx_word' id='word_1_28' title='bbox 1298 501 1365 525; x_wconf 68' lang='lat' dir='ltr'>ex·</span> 
     </span>
     <span class='ocr_line' id='line_1_6' title="bbox 104 556 1363 601; baseline 0.004 -5"><span class='ocrx_word' id='word_1_29' title='bbox 104 562 216 601; x_wconf 86' lang='lat' dir='ltr'>cludi</span> <span class='ocrx_word' id='word_1_30' title='bbox 255 558 473 598; x_wconf 78' lang='lat' dir='ltr'>confiteor.</span> <span class='ocrx_word' id='word_1_31' title='bbox 542 559 713 597; x_wconf 87' lang='lat' dir='ltr'>Nomen</span> <span class='ocrx_word' id='word_1_32' title='bbox 762 566 904 594; x_wconf 81' lang='lat' dir='ltr'>autem</span> <span class='ocrx_word' id='word_1_33' title='bbox 944 556 1139 597; x_wconf 84' lang='lat' dir='ltr'>omnibus</span> <span class='ocrx_word' id='word_1_34' title='bbox 1176 566 1363 601; x_wconf 84' lang='lat' dir='ltr'>numeris</span> 
     </span>
     <span class='ocr_line' id='line_1_7' title="bbox 100 630 1366 690; baseline 0.003 -18"><span class='ocrx_word' id='word_1_35' title='bbox 100 636 340 690; x_wconf 84' lang='lat' dir='ltr'>perfectum</span> <span class='ocrx_word' id='word_1_36' title='bbox 369 643 544 686; x_wconf 84' lang='lat' dir='ltr'>repertu</span> <span class='ocrx_word' id='word_1_37' title='bbox 573 630 866 670; x_wconf 76' lang='lat' dir='ltr'>difficillimum</span> <span class='ocrx_word' id='word_1_38' title='bbox 895 641 970 682; x_wconf 86' lang='lat' dir='ltr'>est,</span> <span class='ocrx_word' id='word_1_39' title='bbox 1000 644 1042 672; x_wconf 82' lang='lat' dir='ltr'>et</span> <span class='ocrx_word' id='word_1_40' title='bbox 1067 646 1260 675; x_wconf 81' lang='lat' dir='ltr'>nostrum</span> <span class='ocrx_word' id='word_1_41' title='bbox 1287 650 1366 676; x_wconf 79' lang='lat' dir='ltr'>no-</span> 
     </span>
     <span class='ocr_line' id='line_1_8' title="bbox 102 695 1366 765; baseline 0.002 -15"><span class='ocrx_word' id='word_1_42' title='bbox 102 727 201 750; x_wconf 88' lang='lat' dir='ltr'>vum</span> <span class='ocrx_word' id='word_1_43' title='bbox 222 695 326 750; x_wconf 51' lang='lat' dir='ltr'>¹cum</span> <span class='ocrx_word' id='word_1_44' title='bbox 354 715 428 756; x_wconf 85' lang='lat' dir='ltr'>sit,</span> <span class='ocrx_word' id='word_1_45' title='bbox 473 723 565 748; x_wconf 86' lang='lat' dir='ltr'>eam</span> <span class='ocrx_word' id='word_1_46' title='bbox 592 710 803 748; x_wconf 80' lang='lat' dir='ltr'><strong>vermium</strong></span> <span class='ocrx_word' id='word_1_47' title='bbox 829 708 1132 749; x_wconf 77' lang='lat' dir='ltr'>intestinalium</span> <span class='ocrx_word' id='word_1_48' title='bbox 1160 712 1366 765; x_wconf 75' lang='lat' dir='ltr'>significa-</span> 
     </span>
     <span class='ocr_line' id='line_1_9' title="bbox 99 783 1365 844; baseline 0.002 -17"><span class='ocrx_word' id='word_1_49' title='bbox 99 790 264 828; x_wconf 76' lang='lat' dir='ltr'>tionem</span> <span class='ocrx_word' id='word_1_50' title='bbox 302 789 341 825; x_wconf 88' lang='lat' dir='ltr'>ei</span> <span class='ocrx_word' id='word_1_51' title='bbox 373 786 594 837; x_wconf 82' lang='lat' dir='ltr'>impertire</span> <span class='ocrx_word' id='word_1_52' title='bbox 630 783 755 833; x_wconf 87' lang='lat' dir='ltr'>licet,</span> <span class='ocrx_word' id='word_1_53' title='bbox 809 798 893 836; x_wconf 87' lang='lat' dir='ltr'>qua</span> <span class='ocrx_word' id='word_1_54' title='bbox 930 786 1179 828; x_wconf 71' lang='lat' dir='ltr'>animalcula</span> <span class='ocrx_word' id='word_1_55' title='bbox 1229 794 1365 844; x_wconf 78' lang='lat' dir='ltr'>capito</span> 
     </span>
    </p>
   </div>
   <div class='ocr_carea' id='block_1_2' title="bbox 102 849 1154 918">
    <p class='ocr_par' dir='ltr' id='par_1_2' title="bbox 102 849 1154 918">
     <span class='ocr_line' id='line_1_10' title="bbox 102 849 1154 918; baseline 0 -14"><span class='ocrx_word' id='word_1_56' title='bbox 102 867 354 918; x_wconf 81' lang='lat' dir='ltr'>insequente</span> <span class='ocrx_word' id='word_1_57' title='bbox 383 849 742 901; x_wconf 69' lang='lat' dir='ltr'>definienda&#39;sola</span> <span class='ocrx_word' id='word_1_58' title='bbox 771 858 1154 917; x_wconf 77' lang='lat' dir='ltr'>subintelligantur.</span> 
     </span>
    </p>
   </div>
   <div class='ocr_carea' id='block_1_3' title="bbox 571 1036 954 1118">
    <p class='ocr_par' dir='ltr' id='par_1_3' title="bbox 571 1036 954 1118">
     <span class='ocr_line' id='line_1_11' title="bbox 571 1036 954 1118; baseline 0 -32"><span class='ocrx_word' id='word_1_59' title='bbox 571 1036 730 1107; x_wconf 87' lang='lat' dir='ltr'>Cap.</span> <span class='ocrx_word' id='word_1_60' title='bbox 783 1036 895 1087; x_wconf 89' lang='lat' dir='ltr'><strong>III.</strong></span> <span class='ocrx_word' id='word_1_61' title='bbox 948 1110 954 1118; x_wconf 35' lang='lat'><strong>·</strong></span> 
     </span>
    </p>
   </div>
   <div class='ocr_carea' id='block_1_4' title="bbox 143 1166 1316 1239">
    <p class='ocr_par' dir='ltr' id='par_1_4' title="bbox 143 1166 1316 1239">
     <span class='ocr_line' id='line_1_12' title="bbox 143 1166 1316 1239; baseline -0.001 -20"><span class='ocrx_word' id='word_1_62' title='bbox 143 1169 237 1219; x_wconf 88' lang='lat' dir='ltr'>De</span> <span class='ocrx_word' id='word_1_63' title='bbox 278 1167 665 1219; x_wconf 77' lang='lat' dir='ltr'>Encozoorzmz</span> <span class='ocrx_word' id='word_1_64' title='bbox 706 1166 859 1216; x_wconf 87' lang='lat' dir='ltr'>Loco</span> <span class='ocrx_word' id='word_1_65' title='bbox 905 1170 966 1216; x_wconf 82' lang='lat' dir='ltr'>in</span> <span class='ocrx_word' id='word_1_66' title='bbox 1007 1166 1316 1239; x_wconf 75' lang='lat' dir='ltr'>Syscemace</span> 
     </span>
    </p>
   </div>
   <div class='ocr_carea' id='block_1_5' title="bbox 590 1269 867 1322">
    <p class='ocr_par' dir='ltr' id='par_1_5' title="bbox 590 1269 867 1322">
     <span class='ocr_line' id='line_1_13' title="bbox 590 1269 867 1322; baseline 0 -2"><span class='ocrx_word' id='word_1_67' title='bbox 590 1269 867 1322; x_wconf 76' lang='lat' dir='ltr'>Naturae.</span> 
     </span>
    </p>
   </div>
   <div class='ocr_carea' id='block_1_6' title="bbox 1334 1360 1345 1375">
    <p class='ocr_par' dir='ltr' id='par_1_6' title="bbox 1334 1360 1345 1375">
     <span class='ocr_line' id='line_1_14' title="bbox 1334 1360 1345 1375; baseline 0 0"><span class='ocrx_word' id='word_1_68' title='bbox 1334 1360 1345 1375; x_wconf 64' lang='grc' dir='ltr'><em>Ω</em></span> 
     </span>
    </p>
   </div>
   <div class='ocr_carea' id='block_1_7' title="bbox 102 1390 1412 2519">
    <p class='ocr_par' dir='ltr' id='par_1_7' title="bbox 105 1390 1369 1663">
     <span class='ocr_line' id='line_1_15' title="bbox 184 1390 1367 1444; baseline 0.001 -9"><span class='ocrx_word' id='word_1_69' title='bbox 184 1397 406 1435; x_wconf 81' lang='lat' dir='ltr'>structura</span> <span class='ocrx_word' id='word_1_70' title='bbox 431 1394 722 1432; x_wconf 86' lang='lat' dir='ltr'>Entozoorum</span> <span class='ocrx_word' id='word_1_71' title='bbox 742 1390 1046 1444; x_wconf 82' lang='lat' dir='ltr'>simplicissima</span> <span class='ocrx_word' id='word_1_72' title='bbox 1063 1392 1257 1434; x_wconf 81' lang='lat' dir='ltr'>ultimum</span> <span class='ocrx_word' id='word_1_73' title='bbox 1275 1396 1367 1436; x_wconf 81' lang='lat' dir='ltr'>fere</span> 
     </span>
     <span class='ocr_line' id='line_1_16' title="bbox 105 1468 1368 1525; baseline 0 -12"><span class='ocrx_word' id='word_1_74' title='bbox 105 1473 258 1513; x_wconf 74' lang='lat' dir='ltr'>iisdem</span> <span class='ocrx_word' id='word_1_75' title='bbox 294 1470 439 1509; x_wconf 86' lang='lat' dir='ltr'>locum</span> <span class='ocrx_word' id='word_1_76' title='bbox 466 1472 511 1507; x_wconf 89' lang='lat' dir='ltr'>in</span> <span class='ocrx_word' id='word_1_77' title='bbox 539 1478 762 1524; x_wconf 73' lang='lat' dir='ltr'>systemate</span> <span class='ocrx_word' id='word_1_78' title='bbox 789 1478 967 1506; x_wconf 80' lang='lat' dir='ltr'>naturae</span> <span class='ocrx_word' id='word_1_79' title='bbox 998 1468 1216 1523; x_wconf 82' lang='lat' dir='ltr'>designat,</span> <span class='ocrx_word' id='word_1_80' title='bbox 1251 1475 1368 1525; x_wconf 85' lang='lat' dir='ltr'>quod</span> 
     </span>
     <span class='ocr_line' id='line_1_17' title="bbox 105 1543 1369 1600; baseline 0.001 -14"><span class='ocrx_word' id='word_1_81' title='bbox 105 1546 160 1586; x_wconf 76' lang='lat' dir='ltr'>ab</span> <span class='ocrx_word' id='word_1_82' title='bbox 187 1546 374 1594; x_wconf 82' lang='lat' dir='ltr'>homine,</span> <span class='ocrx_word' id='word_1_83' title='bbox 416 1543 658 1583; x_wconf 71' lang='lat' dir='ltr'>animalium</span> <span class='ocrx_word' id='word_1_84' title='bbox 685 1545 862 1581; x_wconf 80' lang='lat' dir='ltr'>maxime</span> <span class='ocrx_word' id='word_1_85' title='bbox 897 1548 1150 1595; x_wconf 84' lang='lat' dir='ltr'>composito,</span> <span class='ocrx_word' id='word_1_86' title='bbox 1178 1550 1369 1600; x_wconf 75' lang='lat' dir='ltr'>incipere</span> 
     </span>
     <span class='ocr_line' id='line_1_18' title="bbox 105 1622 226 1663; baseline -0.017 0"><span class='ocrx_word' id='word_1_87' title='bbox 105 1622 226 1663; x_wconf 76' lang='lat' dir='ltr'>solet.</span> 
     </span>
    </p>

    <p class='ocr_par' dir='ltr' id='par_1_8' title="bbox 102 1696 1412 2519">
     <span class='ocr_line' id='line_1_19' title="bbox 183 1696 1370 1740; baseline -0.001 -4"><span class='ocrx_word' id='word_1_88' title='bbox 183 1696 391 1738; x_wconf 81' lang='lat' dir='ltr'>Animalia</span> <span class='ocrx_word' id='word_1_89' title='bbox 417 1698 615 1736; x_wconf 87' lang='lat' dir='ltr'>nimirum</span> <span class='ocrx_word' id='word_1_90' title='bbox 648 1698 790 1735; x_wconf 79' lang='lat' dir='ltr'>omnia</span> <span class='ocrx_word' id='word_1_91' title='bbox 816 1697 863 1735; x_wconf 88' lang='lat' dir='ltr'>in</span> <span class='ocrx_word' id='word_1_92' title='bbox 890 1696 943 1736; x_wconf 89' lang='lat' dir='ltr'><em>V</em></span> <span class='ocrx_word' id='word_1_93' title='bbox 937 1697 1166 1738; x_wconf 75' lang='lat' dir='ltr'>ertebrata</span> <span class='ocrx_word' id='word_1_94' title='bbox 1196 1712 1237 1740; x_wconf 86' lang='lat' dir='ltr'>et</span> <span class='ocrx_word' id='word_1_95' title='bbox 1255 1700 1370 1740; x_wconf 76' lang='lat' dir='ltr'>Non-</span> 
     </span>
     <span class='ocr_line' id='line_1_20' title="bbox 103 1761 1370 1828; baseline -0.003 -14"><span class='ocrx_word' id='word_1_96' title='bbox 103 1774 370 1816; x_wconf 78' lang='lat' dir='ltr'>vercebraca</span> <span class='ocrx_word' id='word_1_97' title='bbox 398 1774 725 1827; x_wconf 81' lang='lat' dir='ltr'>distinguuntur.</span> <span class='ocrx_word' id='word_1_98' title='bbox 792 1772 1060 1824; x_wconf 79' lang='lat' dir='ltr'>Mammalia,</span> <span class='ocrx_word' id='word_1_99' title='bbox 1097 1761 1232 1828; x_wconf 84' lang='lat' dir='ltr'>Aves,</span> <span class='ocrx_word' id='word_1_100' title='bbox 1271 1780 1370 1818; x_wconf 83' lang='lat' dir='ltr'>Am-</span> 
     </span>
     <span class='ocr_line' id='line_1_21' title="bbox 102 1832 1369 1906; baseline 0.002 -15"><span class='ocrx_word' id='word_1_101' title='bbox 102 1851 276 1906; x_wconf 80' lang='lat' dir='ltr'>phibia,</span> <span class='ocrx_word' id='word_1_102' title='bbox 312 1832 450 1889; x_wconf 73' lang='lat' dir='ltr'>Pisces</span> <span class='ocrx_word' id='word_1_103' title='bbox 483 1849 711 1898; x_wconf 83' lang='lat' dir='ltr'>vertebris,</span> <span class='ocrx_word' id='word_1_104' title='bbox 739 1860 787 1888; x_wconf 88' lang='lat' dir='ltr'>ut</span> <span class='ocrx_word' id='word_1_105' title='bbox 816 1852 967 1902; x_wconf 80' lang='lat' dir='ltr'>cuique</span> <span class='ocrx_word' id='word_1_106' title='bbox 995 1853 1260 1893; x_wconf 84' lang='lat' dir='ltr'>notissimum</span> <span class='ocrx_word' id='word_1_107' title='bbox 1293 1866 1369 1905; x_wconf 87' lang='lat' dir='ltr'>est,</span> 
     </span>
     <span class='ocr_line' id='line_1_22' title="bbox 104 1925 1370 1975; baseline 0.002 -7"><span class='ocrx_word' id='word_1_108' title='bbox 104 1930 397 1975; x_wconf 82' lang='lat' dir='ltr'>instruuntur,</span> <span class='ocrx_word' id='word_1_109' title='bbox 443 1925 594 1964; x_wconf 87' lang='lat' dir='ltr'>iisdem</span> <span class='ocrx_word' id='word_1_110' title='bbox 640 1936 781 1964; x_wconf 82' lang='lat' dir='ltr'>autem</span> <span class='ocrx_word' id='word_1_111' title='bbox 820 1926 1105 1967; x_wconf 84' lang='lat' dir='ltr'>destituuntur</span> <span class='ocrx_word' id='word_1_112' title='bbox 1143 1932 1370 1972; x_wconf 82' lang='lat' dir='ltr'>animantia.</span> 
     </span>
     <span class='ocr_line' id='line_1_23' title="bbox 104 2000 1368 2057; baseline 0.001 -12"><span class='ocrx_word' id='word_1_113' title='bbox 104 2004 293 2057; x_wconf 70' lang='lat' dir='ltr'>reliqua,</span> <span class='ocrx_word' id='word_1_114' title='bbox 320 2015 500 2040; x_wconf 82' lang='lat' dir='ltr'>numero</span> <span class='ocrx_word' id='word_1_115' title='bbox 531 2000 662 2055; x_wconf 79' lang='lat' dir='ltr'>longe</span> <span class='ocrx_word' id='word_1_116' title='bbox 690 2002 824 2054; x_wconf 64' lang='lat' dir='ltr'>pinra.</span> <span class='ocrx_word' id='word_1_117' title='bbox 887 2004 1082 2055; x_wconf 78' lang='lat' dir='ltr'>Sanguis</span> <span class='ocrx_word' id='word_1_118' title='bbox 1108 2004 1187 2045; x_wconf 82' lang='lat' dir='ltr'>illis</span> <span class='ocrx_word' id='word_1_119' title='bbox 1215 2008 1368 2053; x_wconf 78' lang='lat' dir='ltr'>ruber,</span> 
     </span>
     <span class='ocr_line' id='line_1_24' title="bbox 104 2078 1371 2130; baseline 0.004 -11"><span class='ocrx_word' id='word_1_120' title='bbox 104 2081 231 2122; x_wconf 81' lang='lat' dir='ltr'><em>albus</em></span> <span class='ocrx_word' id='word_1_121' title='bbox 257 2078 318 2117; x_wconf 86' lang='lat' dir='ltr'>his</span> <span class='ocrx_word' id='word_1_122' title='bbox 359 2092 382 2116; x_wconf 87' lang='lat' dir='ltr'>a</span> <span class='ocrx_word' id='word_1_123' title='bbox 408 2080 644 2117; x_wconf 28' lang='lat' dir='ltr'>Linnaero</span> <span class='ocrx_word' id='word_1_124' title='bbox 686 2079 943 2130; x_wconf 77' lang='lat' dir='ltr'>adscriptus,</span> <span class='ocrx_word' id='word_1_125' title='bbox 985 2079 1269 2122; x_wconf 85' lang='lat' dir='ltr'>characterem</span> <span class='ocrx_word' id='word_1_126' title='bbox 1306 2087 1371 2125; x_wconf 73' lang='lat' dir='ltr'>in-‚</span> 
     </span>
     <span class='ocr_line' id='line_1_25' title="bbox 109 2154 1370 2208; baseline 0.004 -14"><span class='ocrx_word' id='word_1_127' title='bbox 109 2165 370 2195; x_wconf 86' lang='lat' dir='ltr'>constantem</span> <span class='ocrx_word' id='word_1_128' title='bbox 397 2155 584 2208; x_wconf 81' lang='lat' dir='ltr'>ideoque</span> <span class='ocrx_word' id='word_1_129' title='bbox 614 2157 751 2194; x_wconf 83' lang='lat' dir='ltr'>minus</span> <span class='ocrx_word' id='word_1_130' title='bbox 780 2154 942 2195; x_wconf 87' lang='lat' dir='ltr'>bonum</span> <span class='ocrx_word' id='word_1_131' title='bbox 972 2155 1100 2196; x_wconf 85' lang='lat' dir='ltr'>offert</span> <span class='ocrx_word' id='word_1_132' title='bbox 1111 2187 1124 2208; x_wconf 81' lang='lat'><em>,</em></span> <span class='ocrx_word' id='word_1_133' title='bbox 1161 2162 1370 2199; x_wconf 85' lang='lat' dir='ltr'>vermium</span> 
     </span>
     <span class='ocr_line' id='line_1_26' title="bbox 110 2230 1368 2286; baseline 0.006 -17"><span class='ocrx_word' id='word_1_134' title='bbox 110 2232 224 2272; x_wconf 81' lang='lat' dir='ltr'>enim</span> <span class='ocrx_word' id='word_1_135' title='bbox 266 2231 368 2269; x_wconf 86' lang='lat' dir='ltr'>Viro</span> <span class='ocrx_word' id='word_1_136' title='bbox 412 2230 693 2271; x_wconf 83' lang='lat' dir='ltr'>celeberrimo</span> <span class='ocrx_word' id='word_1_137' title='bbox 738 2233 948 2272; x_wconf 81' lang='lat' dir='ltr'>dictorum</span> <span class='ocrx_word' id='word_1_138' title='bbox 988 2234 1195 2286; x_wconf 84' lang='lat' dir='ltr'>plurimos</span> <span class='ocrx_word' id='word_1_139' title='bbox 1235 2235 1368 2276; x_wconf 82' lang='lat' dir='ltr'>fluido</span> 
     </span>
     <span class='ocr_line' id='line_1_27' title="bbox 108 2304 1370 2363; baseline 0.005 -17"><span class='ocrx_word' id='word_1_140' title='bbox 108 2304 178 2346; x_wconf 83' lang='lat' dir='ltr'>vel</span> <span class='ocrx_word' id='word_1_141' title='bbox 212 2306 522 2347; x_wconf 77' lang='lat' dir='ltr'>caerulescente</span> <span class='ocrx_word' id='word_1_142' title='bbox 566 2309 635 2348; x_wconf 85' lang='lat' dir='ltr'>vel</span> <span class='ocrx_word' id='word_1_143' title='bbox 681 2308 932 2348; x_wconf 85' lang='lat' dir='ltr'>rubescente</span> <span class='ocrx_word' id='word_1_144' title='bbox 970 2310 1158 2363; x_wconf 84' lang='lat' dir='ltr'>gaudere</span> <span class='ocrx_word' id='word_1_145' title='bbox 1196 2323 1370 2352; x_wconf 84' lang='lat' dir='ltr'>constat.</span> 
     </span>
     <span class='ocr_line' id='line_1_28' title="bbox 109 2380 1370 2439; baseline 0.003 -16"><span class='ocrx_word' id='word_1_146' title='bbox 109 2380 324 2423; x_wconf 71' lang='lat' dir='ltr'>Lumbi-ici</span> <span class='ocrx_word' id='word_1_147' title='bbox 362 2387 568 2424; x_wconf 82' lang='lat' dir='ltr'>terrestris</span> <span class='ocrx_word' id='word_1_148' title='bbox 599 2387 765 2439; x_wconf 62' lang='lat' dir='ltr'>sanguiss</span> <span class='ocrx_word' id='word_1_149' title='bbox 794 2384 927 2424; x_wconf 84' lang='lat' dir='ltr'>ruber</span> <span class='ocrx_word' id='word_1_150' title='bbox 953 2399 1032 2424; x_wconf 88' lang='lat' dir='ltr'>nec</span> <span class='ocrx_word' id='word_1_151' title='bbox 1060 2387 1370 2427; x_wconf 81' lang='lat' dir='ltr'>Swammer-</span> 
     </span>
     <span class='ocr_line' id='line_1_29' title="bbox 112 2454 1412 2519; baseline 0.004 -20"><span class='ocrx_word' id='word_1_152' title='bbox 112 2457 347 2499; x_wconf 69' lang='lat' dir='ltr'>:lamium</span> <span class='ocrx_word' id='word_1_153' title='bbox 375 2457 475 2499; x_wconf 87' lang='lat' dir='ltr'>olim</span> <span class='ocrx_word' id='word_1_154' title='bbox 505 2454 790 2512; x_wconf 68' lang='lat' dir='ltr'>indefessum,</span> <span class='ocrx_word' id='word_1_155' title='bbox 817 2475 900 2502; x_wconf 87' lang='lat' dir='ltr'>nec</span> <span class='ocrx_word' id='word_1_156' title='bbox 927 2462 976 2502; x_wconf 90' lang='grc' dir='ltr'>Ο.</span> <span class='ocrx_word' id='word_1_157' title='bbox 996 2462 1370 2504; x_wconf 76' lang='lat' dir='ltr'>Fr.M[‘111erum</span> <span class='ocrx_word' id='word_1_158' title='bbox 1404 2508 1412 2519; x_wconf 48' lang='lat'>‚</span> 
     </span>
    </p>
   </div>
  </div>
 </body>
</html>
