1801 3066
1007 142 1020 158 Χ

1210 175 1289 222 599

31 286 98 325 te,
137 289 223 328 quo
250 278 295 313 in
322 283 461 327 partes
490 269 567 309 sibi
596 269 818 307 destinatas
847 269 1057 321 ferantur,
1102 270 1287 313 humano

31 352 249 391 intellectu
286 349 478 389 subtilior
515 346 693 385 videtur.
764 344 812 382 In
851 358 1057 397 agnorum
1094 350 1288 388 nondum

33 439 230 467 natorum
266 429 408 478 jecore
441 425 679 462 Distomata
707 419 908 480 'hepatica
945 426 1108 472 saepius
1147 425 1289 465 obser-

35 514 127 542 vata
164 512 284 550 sunt,
340 502 492 538 horum
530 501 671 551 itaque
713 496 837 536 ovula
875 498 919 534 in
955 507 1122 535 uterum
1161 510 1201 537 et
1236 501 1291 540 ad

34 578 195 616 foetum
237 576 402 625 delata,
429 590 527 614 vasa
557 573 848 620 absorbentia,
878 587 1002 611 venas
1041 583 1082 611 et
1121 580 1289 615 arterias

35 653 361 705 transmigrent,
414 637 551 690 donec
589 664 667 700 per
706 662 855 687 venam
890 659 1039 700 portae
1067 651 1220 699 iterum
1250 655 1293 690 in

33 741 165 779 poros
225 727 407 765 biliarios
460 727 676 773 ferantur,
732 725 851 777 quod
904 728 1080 778 cogitari
1133 731 1290 780 nequit.

33 804 173 854 Major
202 802 338 841 adhuc
366 801 612 845 difficultas,
664 803 696 838 si
725 801 778 838 de
807 801 1017 840 vermibus
1056 817 1195 842 sermo
1224 804 1293 853 fit,

16 880 80 916 .in
116 879 292 917 cerebro
333 878 505 930 aliisque
544 878 647 916 locis
694 876 860 916 inclusis
891 877 1197 929 habitantibus,
1253 891 1295 919 et

34 958 214 993 maxima
242 957 395 993 iterum
425 967 474 992 ex
503 954 636 992 ovulis
675 953 864 1005 undique
899 955 951 992 ad
981 968 1125 994 omnes
1154 967 1294 1008 partes

35 1030 269 1083 propulsis,
307 1031 447 1069 donec
476 1033 826 1082 circumvagantia
854 1032 1007 1081 justum
1037 1032 1297 1071 obtinuerint

36 1107 205 1154 locum,
259 1119 386 1158 quem
428 1114 566 1142 autem
607 1105 836 1154 nonnulla,
892 1116 938 1144 ut
971 1121 1097 1160 supra
1124 1110 1295 1158 monui,

35 1182 226 1235 pluribus
248 1181 466 1220 hominum
485 1180 689 1219 aetatibus
713 1180 861 1233 elapsis
888 1183 1058 1222 tandem
1082 1188 1296 1238 attingant.

115 1261 302 1310 Argum.
331 1259 401 1296 IV.
461 1258 701 1295 obstacula
728 1271 868 1310 aeque
894 1272 1061 1309 magna
1089 1270 1212 1304 sunt,
1260 1263 1302 1299 si

193 1336 413 1372 vermium
462 1334 599 1371 ovnla
648 1334 771 1386 proli
812 1348 897 1386 per
939 1335 1074 1371 ubera
1108 1338 1294 1381 macris,

195 1410 269 1448 vel
303 1410 397 1447 alio
439 1423 697 1462 quocunque
736 1409 872 1447 modo
908 1426 935 1449 a
965 1421 1113 1449 matre
1140 1413 1297 1466 imper-

200 1486 301 1528 ciri,
337 1486 472 1524 dieas.

123 1563 245 1614 Quae
276 1561 394 1599 attuli
424 1560 575 1603 dubia,
625 1563 732 1598 circa
760 1561 985 1600 hominem
1015 1575 1056 1601 et
1083 1577 1300 1600 mamma-

40 1639 104 1677 lia
131 1651 293 1690 magna,
324 1639 433 1674 circa
460 1636 625 1686 reliqua
651 1636 784 1675 multo
814 1641 972 1688 majora
1002 1648 1109 1677 sunt⁰
1165 1640 1300 1677 Mam-

39 1713 212 1753 malium
240 1710 378 1753 foetus
405 1711 535 1765 longe
563 1712 734 1764 plurimi
762 1716 805 1751 in
833 1725 957 1752 utero
988 1715 1060 1752 diu
1087 1716 1298 1765 foventur,

42 1802 129 1830 tum
169 1789 337 1827 demum
373 1793 561 1827 mammis
603 1789 879 1837 admovendi,
934 1793 978 1828 in
1014 1794 1298 1842 paucissimis,

40 1862 346 1917 Didelphidum
373 1874 476 1915 puta
504 1860 685 1907 familia,
748 1868 965 1904 tenerrimi
992 1865 1051 1904 his
1091 1868 1300 1906 tradendi.

42 1945 249 1984 Auctores
281 1954 411 1993 ergO,
468 1942 539 1991 qui
575 1943 782 1979 vermium
823 1941 948 1979 ovula
980 1941 1034 1979 ad
1063 1952 1231 1980 uterum
1261 1954 1302 1982 et

44 2021 189 2059 ovaria
237 2015 404 2055 difficile
451 2027 709 2067 perventura
756 2030 845 2055 esse
893 2018 1299 2067 animadverterent,

45 2097 194 2138 eadem
223 2107 316 2131 cum
343 2095 487 2130 matris
515 2091 661 2131 forsan
688 2092 794 2131 lacte
822 2095 1010 2130 neonatis
1052 2096 1160 2132 tradi
1193 2093 1302 2133 exhi-

43 2167 238 2209 buerunt.
302 2168 387 2206 Sed
413 2170 456 2205 in
483 2169 674 2207 nondum
703 2173 833 2218 natis,
877 2183 956 2207 nec
986 2170 1039 2207 ad
1068 2168 1199 2207 ubera
1227 2173 1302 2209 ita-

45 2259 129 2298 que
157 2248 360 2296 promotis
390 2258 553 2283 vermes
585 2244 791 2283 observati
823 2253 940 2290 sunt;
981 2244 1055 2282 sed
1083 2243 1303 2284 hominum

44 2333 221 2373 magnus
260 2333 458 2358 numerus
499 2330 582 2358 tam
620 2323 761 2360 matris
799 2334 925 2374 quam
962 2322 1131 2358 nutricis
1174 2335 1303 2360 mam-

45 2399 122 2434 mis
151 2398 359 2447 privatur;
395 2407 436 2434 et
463 2399 497 2434 si
526 2395 648 2436 ovula
674 2396 791 2435 lactis
822 2410 906 2448 ope
934 2395 1161 2434 infantibus
1192 2398 1302 2435 tradi

49 2471 280 2521 deberent,
309 2475 497 2511 omnium
522 2475 729 2512 vermium
759 2472 884 2513 ovula
911 2473 966 2511 ad
993 2486 1192 2512 mammas
1219 2473 1304 2513 fer-
