1801 3066
600 167 607 182 1

1245 198 1325 248 499

66 292 300 333 dummodo
329 303 437 342 pura
467 297 508 327 et
536 286 721 326 recentia
749 286 854 332 sint,
895 299 974 325 nec
1011 291 1212 333 intestinis
1240 301 1325 338 vim

65 371 273 413 inferunt,
303 376 379 405 nec
409 364 487 403 alia
515 362 623 401 mala
653 363 786 409 cicut,
824 370 870 397 ut
897 362 1088 412 subjectis
1118 370 1240 410 valde
1268 377 1324 412 ir-

65 444 300 484 ritabilibus
340 452 429 480 tuto
467 439 686 492 propinari
724 445 912 488 queant„
957 440 1171 483 Catharsin
1211 447 1327 490 blan-

68 523 164 560 dam
196 523 388 567 excitant,
417 530 582 555 vermes
613 524 752 552 autem
781 512 902 550 simul
937 516 1155 557 involvunt
1185 534 1223 560 et
1253 525 1327 563 de-

65 597 241 651 pellunt.
299 592 516 633 Tracheae
545 591 717 643 quidem
745 589 953 628 vermibus
980 604 1070 629 non
1098 607 1215 644 sunt,
1253 615 1327 639 ne-

71 687 153 726 que
175 674 459 723 experimenta
489 682 511 705 a
540 667 613 704 cel.
631 667 825 704 Arnem
841 679 938 703 ann
972 669 1187 718 quondam
1208 685 1327 724 capta

74 748 177 787 oleis
205 726 291 786 ¹istis
321 746 462 784 favere
490 743 701 789 videntur,
729 751 776 779 ut
805 741 899 780 olea
917 745 1088 796 pinguia
1118 759 1218 799 ergo
1242 763 1330 786 ver-

70 824 205 863 mibus
235 832 474 868 venenosa,
504 818 571 858 vel
598 820 923 870 respirationem
954 821 1187 861 eorundem
1216 819 1330 863 aufe-

71 903 221 945 rentia,
251 900 332 937 dici
358 905 594 949 nequeant,
634 894 708 932 sed
735 893 968 932 rationibus
999 895 1115 935 dictis
1147 912 1332 939 commo—

72 986 136 1014 tus
168 958 331 1022 eadem,
379 987 460 1025 qua
488 971 683 1018 laxantia,
730 972 872 1022 magni
901 968 1059 1019 habeo,
1101 973 1332 1029 forsanque

75 1054 198 1090 etiam
228 1049 331 1088 oleis
362 1047 616 1101 quibusdam
643 1044 882 1084 recentibus
916 1048 1147 1096 particulae
1175 1064 1334 1104 nuptae

76 1137 186 1174 sunt,
214 1123 426 1163 vermibus
457 1124 717 1170 contrariae,
747 1121 865 1174 quod
894 1135 1042 1161 eorum
1070 1123 1217 1165 saltem
1244 1143 1336 1181 spe-

80 1204 161 1241 cies
191 1203 384 1253 proxime
415 1198 595 1236 dicenda
621 1196 807 1247 probare
835 1199 1014 1240 videtur.

188 1291 221 1314 1.
254 1276 403 1313 Oleum
431 1274 583 1320 ricini,
613 1272 816 1311 blandum
837 1283 880 1311 et
898 1288 1041 1313 recens
1063 1288 1211 1317 contra
1227 1281 1337 1319 Tae-

74 1356 189 1393 niam
216 1352 345 1390 latam
367 1352 455 1393 ,vim
483 1351 723 1416 saepissime
750 1348 957 1400 probavit,
989 1362 1029 1388 et
1050 1351 1098 1390 cl.
1118 1354 1338 1394 Du'nant

80 1430 250 1481 (Journ.
285 1428 337 1465 de
372 1423 485 1465 Med.
526 1428 576 1464 T.
606 1430 673 1478 49.
701 1440 740 1477 p.
770 1428 947 1476 [tq-52.)
983 1437 1023 1464 et
1054 1428 1228 1468 Odier
1257 1432 1336 1482 (ib.

74 1519 121 1557 P.
149 1511 225 1550 553
249 1527 264 1533 -
283 1503 370 1548 353.
400 1502 454 1539 ib.
492 1515 532 1553 p.
563 1502 640 1551 450
663 1523 681 1531 -
701 1501 811 1553 461.)
848 1515 1029 1540 summas
1068 1507 1152 1556 ejus
1193 1507 1337 1548 dixere

77 1579 241 1618 laudes.
298 1576 386 1617 Cel.
415 1580 478 1616 vir
516 1577 646 1615 modo
687 1578 819 1615 dictus
857 1587 938 1615 tres
972 1564 1163 1629 pulverisx
1186 1583 1338 1622 radicis

79 1655 195 1694 filicis
227 1653 441 1692 drachmas
473 1667 566 1692 cum
598 1666 703 1705 aqua
734 1651 845 1690 tiliae
873 1656 1097 1704 propinat,
1141 1655 1340 1710 horisque

82 1731 242 1770 duabus
273 1728 428 1779 'elapsis
459 1739 541 1767 tres
573 1727 656 1766 olei
684 1720 802 1765 ricini
829 1731 986 1776 uncias,
1018 1740 1059 1768 et
1085 1733 1139 1770 ita
1169 1735 1343 1785 quidem

85 1807 216 1859 a'egro
255 1803 401 1852 offert,
443 1813 491 1840 ut
526 1807 668 1854 quavis
709 1798 815 1841 hora
853 1803 1049 1843 cochlear
1089 1809 1272 1858 ejusdem
1301 1814 1345 1850 in

85 1878 254 1921 vasculo
286 1881 416 1917 carnis
435 1878 595 1929 jusculo
625 1878 789 1930 repleto
813 1890 1011 1918 sumatur.
1066 1882 1258 1937 Triginta
1279 1901 1345 1925 ca-

89 1972 154 1996 sus
183 1956 337 2002 refert,
381 1957 424 1991 in
453 1953 603 2006 quibus
632 1955 835 2006 profecit,
887 1955 1107 2008 aliquoties
1146 1959 1343 2014 cly2s111ata

89 2032 284 2071 addenda
323 2038 453 2069 erant.
519 2031 678 2069 Contra
715 2032 920 2070 Taeniam
961 2032 1122 2072 Solium
1160 2037 1344 2076 eundem

90 2106 287 2157 effectum
315 2119 402 2143 non
428 2108 645 2160 praestitit.

193 2182 328 2221 Radix
358 2180 474 2220 filicis
515 2183 687 2234 quidem
727 2197 819 2222 cum
856 2181 953 2222 oleo
995 2189 1215 2238 conjuncta
1244 2169 1355 2237 erat,

92 2260 241 2299 eadem
270 2267 409 2296 autem
439 2257 530 2297 sola
560 2269 673 2323 certe
701 2272 889 2297 vermem
918 2273 1008 2298 non
1037 2255 1221 2312 depulit,
1249 2277 1347 2302 nam

94 2336 282 2375 Taeniae
310 2333 616 2372 medicamento
656 2335 766 2373 dicto
798 2336 999 2386 dejectae,
1028 2335 1278 2390 plerumque
1306 2343 1350 2379 in

98 2411 272 2466 globum
303 2409 553 2449 convolutae
583 2421 728 2461 erant,
758 2410 926 2463 qualem
953 2413 1206 2468 Andryus
1237 2415 1282 2467 (l.
1314 2431 1348 2455 c.

68 2528 70 2530 ,
94 2487 203 2526 Tab.
232 2486 352 2537 XV.)
381 2486 597 2539 depingit,
637 2487 758 2540 quod
795 2477 892 2526 alias
921 2490 1051 2526 rarius
1082 2493 1350 2542 conspicitur,

728 2563 822 2600 Iiz
