1801 3066
417 169 496 209 500

420 266 495 309 cel.
524 270 662 308 virum
689 280 783 308 rem
809 267 908 307 inde
935 267 1081 306 forsan
1109 282 1178 308 me
1204 271 1435 309 accuratius
1463 269 1688 313 observare

418 348 622 401 potuisse,
651 344 848 383 facillime
871 345 1074 383 concedo.
1123 346 1270 383 Maris
1296 355 1462 398 partem
1483 349 1689 398 posticam

419 422 696 470 crassiorem,
743 404 785 460 et
810 424 856 460 in
884 420 1068 473 quadam
1097 434 1120 459 a
1149 422 1283 460 cauda
1312 422 1508 462 distantia
1536 423 1690 462 ostium

418 497 523 536 vidit
560 497 791 537 rotundum
802 526 816 544 ,
866 510 916 536 ex
944 509 1031 550 quo
1072 495 1244 534 tubulus
1272 496 1411 535 brevis
1443 507 1484 536 et
1513 500 1685 538 conicus

420 564 629 625 (cirrusP)
670 582 855 625 exsertus
892 574 999 611 erat.
1068 572 1116 609 In
1154 572 1369 610 Feminae
1398 583 1538 614 autem
1564 584 1690 627 parte

418 650 581 702 postica
633 650 809 700 (majori
853 658 993 687 tamen
1042 663 1066 688 a
1105 650 1265 689 caudae
1310 652 1428 701 apice
1471 650 1690 703 distantia)

421 728 575 765 ostium
604 726 845 764 observavit
873 734 1184 776 transversum,
1214 728 1328 778 cujus
1358 728 1540 781 margini
1567 740 1691 779 supe-

419 804 525 842 riori
571 799 841 841 tuberculum
881 814 1008 854 saepe
1047 804 1288 855 appositum
1326 814 1428 842 erat.
1496 801 1691 846 Mihimet

421 881 575 918 ostium
615 876 749 917 hocce
791 876 916 917 sovea
956 880 1099 929 potius
1138 877 1206 916 vel
1246 879 1411 934 macula
1453 880 1529 932 (ex
1567 891 1690 932 parte

421 953 605 1009 quadam
649 954 916 1006 subjacente)
961 955 1120 1003 visum,
1166 957 1304 1006 ipsum
1348 967 1488 996 autem
1529 957 1690 995 caudae

421 1035 583 1085 apicem
613 1031 920 1070 distinctissime
945 1030 1156 1070 foramine
1196 1035 1316 1084 quasi
1352 1032 1508 1072 labiato
1545 1043 1691 1084 pertu-

420 1124 512 1148 sum
540 1108 639 1148 vidi.
701 1106 750 1145 In
777 1116 906 1160 parte,
927 1109 1091 1161 postica
1126 1121 1225 1147 vasa
1261 1119 1487 1160 praeterea
1523 1108 1690 1147 monili-

419 1184 573 1232 formia
613 1182 860 1233 observavi,
899 1197 1008 1236 quae
1038 1187 1184 1225 ovaria
1213 1184 1399 1224 dixerim.
1468 1185 1689 1239 Quaedam

421 1263 465 1299 in
505 1259 718 1298 vermibus
761 1259 996 1296 minoribus
1036 1273 1105 1297 me
1143 1258 1302 1298 addere
1340 1263 1552 1312 potuisse,
1601 1275 1691 1300 non

421 1340 600 1385 mirum,
632 1350 726 1373 cuin
756 1333 805 1373 cl.
834 1336 898 1373 vir
926 1336 1061 1374 rarius
1089 1337 1375 1387 mici-oscopio
1405 1346 1548 1376 utatur
1578 1350 1691 1376 com-

420 1416 573 1467 posito.

499 1491 544 1529 B.
600 1489 794 1540 Ligulae
832 1489 945 1528 linea
988 1489 1128 1528 media
1172 1492 1400 1547 impressa,
1438 1489 1690 1544 *auctoribus

420 1579 501 1619 pro
531 1565 634 1604 tubo
666 1565 824 1604 cibario
854 1565 1017 1614 habita,
1057 1564 1246 1603 mihimet
1276 1558 1458 1604 eandem¹
1485 1578 1532 1604 ac
1561 1579 1690 1618 gene-

420 1657 517 1681 rum
544 1643 860 1694 insequentium
881 1644 1033 1679 seriem
1062 1643 1308 1679 ovarioruin
1330 1640 1587 1692 simplicium·
1603 1644 1690 1680 sive

423 1718 734 1758 sacciformium
763 1718 909 1755 sistere
938 1717 1119 1765 videtur,
1150 1730 1229 1755 nec
1259 1726 1414 1755 tractus
1443 1717 1691 1757 Intestinalis

423 1793 736 1833 similitudinem
768 1791 905 1831 offert.
954 1793 1076 1845 Quae
1105 1790 1166 1830 his
1198 1802 1338 1831 autem
1362 1795 1470 1831 circa
1494 1792 1691 1846 genitalia

421 1869 598 1910 ulterius
629 1869 780 1908 addam
807 1882 897 1907 non
926 1866 1073 1908 habeo.

503 1948 550 1986 C.
610 1944 953 1998 Tricuspz‘daria
994 1944 1141 1998 (lucii)
1183 1949 1319 1998 major
1359 1956 1399 1984 et
1429 1946 1570 1986 adulta
1599 1959 1692 1985 cor-

422 2025 538 2076 poris
566 2032 729 2074 partem
759 2023 966 2074 posticam
996 2020 1257 2060 articulatam
1287 2032 1328 2062 et
1357 2025 1533 2076 cujusvis
1561 2024 1606 2060 in
1626 2036 1691 2060 ar-

424 2096 541 2137 ticuli
569 2093 796 2137 medietate
824 2097 1033 2137 nodulum
1060 2097 1231 2137 foveola
1259 2101 1507 2142 instructum
1529 2099 1688 2150 prodit,

424 2188 475 2214 ex
503 2187 588 2228 quo
619 2172 874 2212 canaliculus
903 2184 1162 2215 transversus
1193 2175 1248 2215 ad
1268 2174 1432 2215 articuli
1453 2177 1691 2229 marginem

424 2251 636 2299 decurrit,
665 2250 783 2304 quod
812 2250 1057 2293 Goezius
1087 2250 1376 2304 (Naturgesch.
1404 2266 1445 2304 p.
1465 2257 1554 2304 419.
1584 2250 1688 2294 Tab.

422 2326 622 2371 XXXIV.
650 2325 718 2381 fig.
746 2328 799 2378 3.)
840 2328 964 2365 icone
1001 2326 1115 2368 bona
1154 2325 1348 2366 exhibuit.
1421 2327 1582 2368 Noduli
1622 2329 1690 2367 isti

424 2403 604 2443 totidem
632 2404 799 2455 ovaria,
839 2401 973 2444 ovulis
1002 2401 1187 2456 globosis
1215 2402 1338 2443 facile
1368 2418 1417 2462 ex
1443 2404 1593 2444 iisdem
1621 2417 1689 2443 exv·

423 2479 657 2533 primendis
680 2478 826 2521 fai-cta.
868 2478 1098 2519 Canaliculi
1120 2482 1359 2529 transversi,
1388 2479 1511 2522 simili
1528 2480 1686 2528 forsan,
