1801 3066
426 167 478 207 90

427 273 517 313 297.
559 261 634 299 Go
651 261 692 300 d.
729 260 928 301 Bidloo
970 262 1090 302 Brief
1130 276 1234 304 over
1283 264 1335 302 de
1374 265 1569 316 Dieren,
1623 268 1694 308 die

475 352 575 377 man
601 340 679 377 in't
703 340 841 378 Lever
869 339 945 378 der
972 338 1191 391 Schaapen
1218 341 1330 395 vind.
1362 341 1493 382 Delft.
1524 344 1636 400 1692.
1651 350 1692 396 4.

475 416 515 453 H
531 430 554 455 e
565 430 622 454 nz
635 429 659 453 e
670 429 712 454 n.

554 493 714 531 Versio
744 490 863 544 hujus
896 491 1130 544 epistolae:

421 575 510 622 298.
551 569 777 608 Godofr.
818 569 1018 608 Bidioo
1061 571 1182 610 Obss.
1235 571 1288 609 de
1339 571 1691 625 311111131011113111

473 648 600 684 ovino
657 645 923 699 aliorumque
973 649 1247 686 animantium
1292 646 1448 699 hepate
1487 647 1688 698 detectis,

470 723 526 760 ad
553 725 688 760 virum
712 721 787 760 cel.
816 724 931 760 Ant.
961 737 1059 761 van
1085 723 1513 763 Leeuwenhoek.
1541 725 1686 778 Lugd.

467 798 558 837 Bat.
593 797 703 849 1698.
733 805 795 843 33.
825 812 867 850 p,
896 803 932 848 4.
966 813 1059 837 cum
1089 799 1172 837 tab.
1203 814 1297 840 aen.
1327 802 1353 825 ’κ

547 875 678 923 Hujus
714 873 810 914 libri
861 885 988 914 etiam
1034 875 1125 914 dari
1166 879 1518 929 inscriptionem:
1572 878 1685 917 Dis's.

466 952 583 990 acad.
621 965 734 1002 resp.
771 951 931 990 Henr.
962 952 1198 992 Snellen.
1251 953 1549 1008 Dryander.
1594 955 1685 992 Nec

467 1029 724 1080 descriptio,
762 1042 842 1067 nec
878 1032 1023 1069 icones
1061 1033 1110 1081 (a
1152 1029 1376 1070 clerico
1415 1034 1460 1069 in
1487 1028 1579 1068 hist.
1607 1029 1680 1068 lat.

463 1104 593 1144 lumb.
633 1119 794 1144 sumi-na
831 1105 916 1145 fide
954 1106 1170 1158 redditae)
1223 1107 1396 1146 laudem
1439 1115 1682 1155 merentur,

463 1181 613 1220 oculos
651 1183 905 1222 animalculo
940 1183 1085 1222 tribuit
1117 1194 1193 1223 etc.
1632 1176 1635 1179 ’

409 1272 499 1311 299.
529 1260 625 1297 Part
654 1259 702 1298 of
729 1273 752 1297 a
778 1260 924 1297 Letter
949 1259 1062 1298 from
1089 1259 1344 1314 Anthony
1376 1272 1477 1297 van
1503 1260 1681 1298 Leeu-

460 1335 733 1376 wenhoek
796 1339 1056 1388 concerning
1119 1338 1290 1373 VVorms
1361 1335 1572 1374 observed
1632 1336 1679 1374 in

458 1410 619 1462 Sheeps
647 1412 792 1449 Livers
834 1410 918 1448 and
955 1399 1139 1449 Pastum!
1166 1411 1364 1450 Ground.
1417 1411 1488 1449 In:
1522 1408 1676 1449 Philos.

458 1488 676 1526 Transact‚
710 1492 819 1538 1704.
849 1501 892 1528 11.
922 1494 1010 1539 239.
1046 1501 1086 1538 p.
1122 1493 1220 1530 1522
1240 1510 1257 1516 —
1279 1493 1388 1537 1527.
1417 1486 1444 1512 ‘²‘
1496 1486 1674 1526 Vermes

455 1565 503 1601 in
523 1566 652 1615 pratis
679 1562 897 1614 paludosis
927 1561 1077 1600 obvios
1105 1564 1299 1613 (maxime
1329 1562 1506 1616 alienos)
1530 1564 1675 1602 Disto-

453 1654 524 1678 ma
552 1637 795 1691 hepaticam
823 1651 1029 1692 generare
1056 1637 1298 1678 hariolatus.

402 1723 494 1764 300.
521 1713 628 1754 Joh.
669 1715 763 1754 Ad.
801 1714 1024 1754 Kulmus
1064 1729 1149 1754 von
1179 1715 1551 1755 Gallenwfirmern
1588 1714 1673 1769 bey

455 1792 719 1832 Schweinen.
783 1791 860 1830 111.-
925 1790 1151 1830 Breslauer
1201 1791 1504 1845 Sammlungen
1555 1805 1671 1845 1719.

454 1871 594 1921 (1721.
627 1868 715 1920 ed.)
753 1883 793 1921 p.
823 1868 924 1921 596,
964 1874 1051 1921 597.
1083 1882 1177 1907 cum
1204 1871 1255 1908 ic.
1284 1868 1394 1908 rudi.
1422 1869 1449 1892 '¹‘
1500 1866 1667 1908 Nullius

449 1948 671 1984 momenti.

396 2030 488 2070 501.
516 2024 583 2061 De
611 2021 683 2061 lue
712 2024 856 2060 ovium
886 2035 935 2060 ex
961 2023 1200 2062 Distomate
1229 2020 1439 2076 hepatico.
1477 2022 1666 2063 Ibidem.

454 2099 566 2151 1726.
603 2113 645 2151 p.
674 2105 738 2149 57.
779 2099 805 2123 ’Κ
879 2096 1133 2137 δεὴᾶἒέει·
1170 2101 1214 2137 in
1260 2097 1371 2139 libro
1412 2102 1665 2153 insequente

447 2189 614 2215 vermes
642 2174 726 2214 hoc
762 2174 859 2214 loco
890 2175 1123 2228 descriptos
1162 2174 1340 2216 differre
1376 2176 1529 2226 credit,
1586 2177 1664 2218 sed

450 2253 505 2291 ad
532 2255 725 2292 Distoma
755 2251 996 2306 hapaticum
1025 2254 1252 2292 certissime
1280 2255 1509 2305 pertinent.

392 2337 485 2376 502.
515 2331 597 2369 Die
626 2329 971 2384 Egelschnecken
1006 2333 1052 2368 in
1103 2329 1187 2368 den
1214 2329 1385 2369 Lebern
1426 2332 1504 2370 der
1533 2329 1660 2370 Scha-

445 2406 491 2444 fe
534 2406 624 2445 und
670 2407 740 2446 die
783 2420 869 2446 von
914 2407 1058 2445 diesen
1102 2408 1329 2446 Wfirmern
1378 2406 1657 2448 entstehende

445 2480 828 2533 Schafkrankheit‚
905 2481 1181 2524 beschrieben
1234 2498 1320 2525 von
1372 2486 1472 2524 Jac.
1528 2484 1655 2530 Chr.
