1801 3066
423 137 480 178 18

550 234 688 275 Biblia
726 235 916 276 Naturae
958 251 990 277 s.
1026 234 1204 277 historia
1238 240 1500 280 insectorum
1535 244 1581 282 in
1617 257 1704 283 cer-

478 323 539 351 tas
571 312 720 352 classes
760 313 960 365 reducta,
1016 327 1097 353 nec
1124 327 1214 353 non
1245 315 1446 367 exemplis
1478 327 1520 356 et
1559 331 1703 359 anato-

473 391 585 428 mico
626 391 846 430 variorum
888 389 1246 429 animalculorum
1290 395 1481 431 examine
1521 392 1704 434 illustra-

473 470 541 515 ta,
601 469 770 506 insertis
800 469 1036 506 numerosis
1067 466 1300 506 rarioribus
1340 478 1518 509 naturae
1559 469 1704 511 obser-

473 551 587 589 ,vans
621 540 727 582 ibus.
758 544 878 582 Leid.
913 550 1024 594 1737.
1053 538 1131 581 fol.

552 618 606 656 H.
652 619 987 659 Boerhaavii
1037 621 1251 671 auspiciis,
1310 634 1495 675 curaque
1543 624 1598 662 D.
1648 624 1698 662 H.

476 692 675 732 Gau'bii
712 693 878 749 belgice
908 705 949 733 et
975 692 1106 734 latine
1134 698 1310 747 prodiit.

557 769 723 808 Versio
760 771 1024 820 germanica
1039 781 1055 809 .·
1110 771 1230 811 Bibel
1270 774 1345 812 der
1378 775 1527 816 Natur.
1555 776 1697 828 Lcipz.

480 850 593 897 1752.
646 840 721 884 fol.
773 859 867 884 cum
906 845 1019 885 tabb.
1060 859 1152 884 aen.
1193 848 1299 889 LIII.
1335 851 1362 875 ⁴‘
1414 850 1591 890 Vermes
1636 854 1698 891 in·
1744 856 1749 862 '

478 919 693 960 testinales
751 923 1004 961 extrinsecus
1068 925 1214 963 venire
1274 936 1414 979 negat.
1505 928 1696 967 Distoma

477 996 756 1052 cylindricum
807 996 1005 1036 Zederi
1066 1008 1107 1036 et
1160 999 1408 1051 Ejusdem
1453 1002 1697 1042 Ascaridem

476 1074 807 1126 nigrovenosam
842 1075 887 1111 in
925 1085 1054 1112 ranae
1092 1073 1366 1125 pulmonibus
1406 1091 1429 1115 a
1468 1091 1512 1116 se
1551 1088 1696 1129 reper-

479 1157 520 1187 ta
566 1162 608 1201 p.
641 1156 732 1200 517.
786 1148 1007 1196 describit,
1065 1156 1108 1187 et
1144 1151 1391 1192 Ascaridem
1430 1156 1551 1192 istam
1595 1157 1695 1193 vivi-

475 1237 624 1277 param
655 1238 745 1264 esse
773 1234 888 1263 reete
915 1233 1074 1265 monet⁴

555 1298 757 1353 Anglice,
811 1309 1007 1338 vertente
1041 1300 1310 1356 Froydio,
1365 1304 1693 1358 Londini1758.

476 1375 550 1414 fol.
578 1374 788 1427 prodiisse
824 1375 862 1410 H
876 1373 943 1411 all
957 1388 978 1411 e
992 1388 1026 1411 r.

420 1460 473 1502 3}
517 1450 812 1490 Osservazioni
841 1449 884 1487 di
913 1449 1217 1490 Francesco
1247 1452 1380 1490 Redi
1408 1455 1581 1496 intorno
1611 1457 1694 1512 agli

475 1524 643 1565 animali
672 1525 848 1572 viventi,
896 1518 973 1562 che
1012 1526 1046 1562 si
1076 1535 1254 1565 trovano
1292 1528 1408 1581 negli
1438 1532 1606 1570 animali
1635 1536 1693 1572 vi-

471 1604 599 1642 venti.
628 1597 678 1638 In
698 1596 873 1637 Firenze
897 1598 1008 1649 1684.
1033 1607 1121 1645 252.
1141 1614 1184 1652 p.
1213 1605 1250 1650 4.
1282 1602 1333 1639 26
1361 1602 1472 1642 tabb.
1499 1618 1590 1645 aen.
1609 1607 1635 1631 *

553 1677 716 1716 Versio
746 1674 896 1712 latina
919 1686 935 1713 .·
991 1675 1173 1715 Franc.
1206 1676 1346 1715 Redi
1377 1662 1689 1730 Opusculorun‘i

469 1755 569 1794 Pars
608 1754 753 1800 tertia,
811 1753 895 1789 sive
939 1751 991 1790 de
1033 1751 1291 1792 animalculis
1331 1756 1455 1804 vivis,
1512 1761 1688 1809 quaein

471 1827 726 1880 corporibus
766 1824 1008 1866 animalium
1035 1830 1229 1866 vivorum
1265 1834 1557 1882 reperiuntur,
1614 1834 1687 1873 ob-

469 1908 740 1946 servationes.
813 1904 874 1941 Ex
916 1903 1103 1942 Etruscis
1147 1902 1312 1943 Latinas
1354 1906 1454 1946 fecit
1498 1908 1684 1948 Petrus

468 1984 646 2021 Coste.
700 1978 836 2034 Lugd.
871 1981 959 2019 Bat.
1020 1994 1145 2032 1729.>
1171 1994 1212 2032 p.
1241 1986 1333 2032 342ss
1386 1986 1433 2022 in
1464 1970 1523 2023 rz.
1571 1985 1683 2025 tabb.

468 2057 532 2096 26.
553 2057 579 2083 “k
624 2056 812 2109 (Amstel.
837 2063 948 2108 1705.
969 2054 1209 2095 Modeer.
1245 2064 1354 2107 1708.
1384 2056 1603 2112 Haller.)

544 2133 744 2173 Redeunt
783 2133 1112 2172 Observationes
1154 2135 1229 2172 in:
1294 2134 1438 2186 Opera
1480 2135 1680 2185 collecta,

464 2224 576 2263 quae
613 2211 817 2262 prodiere
856 2208 1040 2260 Neapoli
1084 2208 1195 2261 1687.
1235 2214 1273 2255 8.
1315 2219 1355 2248 et
1392 2209 1559 2261 plenius
1598 2213 1679 2250 Ve-

462 2298 553 2324 nez.
590 2293 710 2337 1728.
751 2290 788 2336 4.
855 2289 967 2336 1742.
1006 2290 1043 2336 4.
1108 2283 1320 2334 ΗῆΙΙθΓ,
1376 2288 1450 2339 qui
1491 2286 1677 2326 ultimam

463 2362 695 2400 editionem
739 2364 829 2414 ipse
880 2361 994 2399 vidit.
1074 2359 1307 2400 Modeer
1353 2375 1376 2400 e
1423 2372 1572 2402 contra
1615 2375 1677 2403 se-

462 2447 639 2489 quentes
685 2450 864 2488 operum
917 2435 1127 2475 editiones
1178 2434 1328 2476 habetz
1366 2438 1525 2490 Napoli
1565 2443 1673 2489 1741.
