1801 3066
1267 137 1318 176 79

201 225 261 265 CI.
300 225 463 276 Happ.
503 226 546 260 in
581 222 687 259 Diss.
727 220 795 256 cit.
841 222 903 270 (n.
938 224 1047 273 178)
1084 235 1123 273 p,
1154 230 1225 274 24,
1255 231 1315 268 25.

119 301 412 342 Peereboomii
440 297 765 346 descriptionem
794 299 1019 344 excerpsit,
1060 312 1107 336 ex
1135 313 1213 352 qua
1243 317 1316 354 pfl-

121 388 205 429 tet,
243 377 295 416 de
322 371 520 413 Ascaride
548 368 830 408 lumbricoide
857 380 1047 418 mortua,
1087 373 1315 429 defigurata

120 464 162 493 et
198 450 341 491 mutila
381 459 621 486 sermonem
660 459 760 483 esse.
824 445 1067 484 Lumbricus
1107 461 1209 487 vero
1237 467 1316 503 per

117 527 329 568 urethram
361 532 550 562 excretus
579 519 825 573 strongylus
855 525 1072 574 giganteus
1103 525 1193 561 erit.

63 610 149 648 255.
178 603 227 639 K.
257 599 397 653 Daly
424 600 528 636 Diss.
561 596 615 634 de
633 596 854 636 Teretibus
877 600 1171 636 intestinorum
1193 600 1315 638 Lum-

113 677 249 717 bricis.
304 673 453 714 Edmb.
488 685 597 723 1790.
627 672 688 711 55.
717 685 757 723 p.
787 679 822 718 8.
861 672 1014 712 bonam
1043 687 1132 713 esse
1162 679 1315 728 compi-

113 753 329 791 lationem.
382 751 421 789 D
436 763 461 787 ο
477 762 499 787 e
511 751 596 785 rin
608 762 645 801 g.

296 892 328 917 c.
384 878 626 915 Ascaris
663 877 1081 916 vermicularis.

60 981 148 1021 256.
176 980 227 1018 D.
256 977 529 1016 Ludovici
566 975 619 1013 de
655 974 932 1014 Ascaridibus.
997 975 1047 1015 In
1083 976 1188 1029 Eph.
1218 980 1308 1018 Nat.

113 1057 209 1094 Cur.
238 1056 339 1093 Dec.
369 1053 397 1092 I.
425 1054 532 1091 Ann.
563 1065 597 1104 9.
626 1065 668 1102 p.
701 1065 782 1103 ¹09·
813 1052 838 1076 ³<
1024 1057 1028 1061 ”

59 1137 146 1183 257.
176 1132 361 1169 Historia
382 1126 669 1182 physiologica
687 1127 948 1176 Ascaridum,
971 1142 1064 1167 cum
1078 1129 1144 1183 fig.
1161 1132 1309 1169 aeneis.

111 1207 293 1245 Auctore
321 1204 378 1243 M.
407 1217 509 1243 van
536 1201 799 1242 Phelsum.
842 1204 1049 1243 Leovard.
1083 1209 1191 1258 1762.
1227 1208 1309 1246 156,

109 1294 148 1332 p.
179 1287 215 1327 8.
247 1281 357 1319 tabb.
385 1289 421 1327 5.
453 1279 479 1306 ⁴<

186 1356 446 1406 Ejusdem
500 1355 689 1392 Historia
736 1355 981 1393 Ascaridum
1029 1355 1309 1412 pathologica.

111 1430 163 1468 ib.
199 1432 307 1482 1759.
338 1431 397 1471 26.
430 1439 471 1467 et
498 1435 585 1479 248.
613 1442 654 1480 p.
684 1434 719 1473 8.
748 1427 1027 1468 Boehmer.

191 1504 346 1543 Versio
380 1507 671 1554 germanica:
720 1504 777 1542 M.
822 1517 920 1541 van
949 1504 1198 1545 Phelsum
1226 1510 1311 1546 Na—

111 1576 416 1633 turgeschichte
455 1579 533 1616 der
571 1578 931 1630 Springwfirmer,
965 1577 1310 1634 herausgegeben

109 1669 194 1695 von
230 1653 339 1694 Joh.
378 1653 565 1693 Weise.
609 1667 641 1692 1.
672 1653 748 1692 Th.
790 1653 941 1693 Gotha.
975 1663 1090 1708 1781.v
1126 1657 1307 1701 XLVIII.

110 1741 152 1770 et
181 1733 264 1777 158.
292 1744 333 1783 p.
362 1737 398 1777 8.
429 1729 539 1768 tabb.

187 1808 245 1845 Μ.
280 1818 379 1845 van
406 1805 660 1846 Phelsum
696 1804 1017 1860 pathologische
1055 1805 1305 1849 Geschichte

110 1883 188 1924 der
215 1882 564 1937 Springwiirmer,
587 1878 774 1936 herausg.
798 1896 882 1921 von
902 1881 935 1921 J.
957 1885 1149 1923 Weise.
1180 1899 1214 1923 2
1228 1885 1306 1925 Th.

106 1956 164 1997 ib.
200 1965 308 2010 1782.
336 1959 418 1997 LII.
449 1969 490 1998 et
515 1960 605 1999 550.
635 1973 675 2010 Ρ.
705 1962 739 2000 8.
773 1958 882 1996 tabb.
919 1972 950 1997 1.
981 1958 1006 1984 '‘

189 2035 482 2074 Couletum
540 2036 725 2074 Taeniae
776 2034 969 2074 articulos
1020 2050 1094 2074 seu
1139 2049 1303 2077 vermes

108 2109 390 2150 cucurbitinos
421 2110 551 2150 dictos
579 2124 799 2164 perperam
833 2126 913 2164 pro
942 2113 1206 2156 Ascaridibus
1235 2113 1307 2152 ha-

110 2184 272 2236 buisse,
316 2187 833 2240 Boerhaaviumque
873 2191 918 2227 in
961 2189 1115 2228 eodem
1157 2204 1304 2236 errore

111 2261 386 2313 deprehendi,
410 2265 585 2303 Veteres
610 2275 746 2303 autem
762 2265 979 2304 Ascarides
991 2279 1110 2303 veras
1124 2269 1303 2315 novisse,

110 2339 266 2389 utique.
329 2340 565 2392 Descriptio
603 2351 792 2379 motuum
831 2351 873 2380 et
909 2340 1075 2380 formae
1105 2353 1302 2384 externae

111 2409 247 2461 bona,
273 2417 452 2464 partium
479 2419 738 2457 internarum
766 2430 840 2457 seu
867 2428 1061 2457 anatome
1088 2415 1213 2456 flocci
1240 2418 1302 2458 fa·
