1801 3066
444 165 519 205 108

493 265 635 303 Jouln
668 264 722 302 de
749 262 864 305 Med.
894 257 996 303 Τ.
973 265 1034 310 55.
1065 267 1238 318 (1731.)
1277 278 1317 316 p
1346 266 1709 316 406-45437111-

493 342 702 394 gatissima
732 339 787 378 cle
815 341 984 379 Taenlis
1023 339 1214 379 humanis
1245 341 1486 393 compilata.

439 423 529 468 572.
559 415 847 456 Eberhard
874 416 1197 455 Rosenblad.
1240 427 1345 456 auct.
1375 418 1509 456 Eric.
1539 417 1709 458 Acha-

493 496 588 533 iio.
653 493 1051 541 Animadve1sione5
1092 487 1304 545 quaedam
1332 491 1555 548 'physico-
1576 495 1710 534 medi-

496 584 568 608 cae
598 570 651 609 de
680 571 851 609 Taenia.
881 569 1015 609 Lund.
1049 575 1160 621 1782.
1188 575 1251 621 57.
1281 583 1322 621 p.
1351 573 1387 619 4,
1438 555 1710 610 commenda-

495 657 563 696 tur
591 661 615 686 a
642 648 971 699 Doeringio.

438 729 529 776 575.
570 723 645 761 Fr.
695 720 1067 760 Hein1.Wilh.
1117 723 1232 761 Ma1
1246 723 1372 760 tini'
1388 736 1404 760 s
1457 719 1710 761 Geschichte

493 801 571 839 der
599 801 735 837 Natur
771 800 816 835 in
856 795 1191 849 alphabetischer
1220 799 1453 852 Ordnung,
1484 797 1710 852 hei-ausge-

495 875 634 930 geben
670 887 757 913 von
791 874 871 912 Fr.
911 873 1060 912 Wilh.
1097 875 1244 939 ptto.
1305 874 1382 914 Th
1412 875 1480 914 IV.
1541 874 1711 926 (Berlin

496 956 611 1003 1785.
649 957 685 997 8.
721 951 771 1003 ‘’‘)
817 964 858 1003 p.
889 950 966 990 666
987 974 1005 980 -
1025 957 1112 1003 705.
1176 951 1303 990 Artic.
1337 949 1614 992 Bandwnrm.
1644 964 1712 990 ac-

496 1028 586 1066 ced.
627 1026 737 1066 tabb.
769 1040 859 1066 aen.
888 1034 924 1073 5.
993 1027 1221 1067 Generalia
1251 1027 1485 1079 quaedam,
1531 1038 1572 1066 et
1611 1042 1713 1067 enu-

496 1105 677 1144 meratio
708 1105 945 1155 specierum
976 1114 1065 1142 tum
1084 1107 1366 1158 cognitarum,
1397 1117 1446 1142 ex
1472 1102 1714 1144 Blochia-

494 1182 603 1229 nis,
642 1180 971 1229 Goezianis,
1010 1180 1363 1220 Mfillerianis
1404 1189 1526 1218 enata
1555 1182 1714 1233 compi-

494 1255 622 1304 latio,
667 1256 769 1294 Gm.
800 1259 1021 1309 inscripta,
1058 1257 1204 1295 forsan
1234 1256 1442 1309 ejusdem,
1479 1258 1552 1309 qui
1581 1267 1711 1311 syste-

495 1347 565 1371 ma
591 1334 883 1371 Linnaeanum
912 1334 975 1381 (n.
1005 1335 1091 1383 23.)
1122 1332 1277 1379 edidit,
1309 1333 1400 1370 Gm
1415 1333 1556 1373 elini.

443 1410 534 1462 574.
571 1405 951 1461 Naturgeschichte
998 1407 1075 1445 der
1115 1408 1552 1462 Bandwurmgattung
1594 1409 1717 1448 iiber-

494 1483 628 1536 haupt
667 1483 756 1522 und
794 1482 912 1522 ihrer
950 1483 1084 1522 Arten
1123 1484 1457 1533 insbesondere,
1492 1484 1601 1524 nach
1633 1485 1718 1525 den

495 1573 664 1601 neuern
699 1557 1062 1612 Beobachtungen
1110 1561 1156 1598 in
1197 1562 1336 1598 einem
1373 1560 1725 1615 systematischen

495 1637 714 1688 Auszuge,
749 1616 929 1672 versasst
957 1648 1042 1673 von
1069 1635 1195 1689 Aug.
1224 1633 1339 1673 Joh.
1372 1636 1559 1690 Georg
1589 1636 1717 1677 Carl

495 1707 700 1751 Batsch.
755 1710 837 1747 Mit
863 1715 888 1754 5
916 1709 1109 1761 Kupfert.
1140 1711 1264 1750 Halle
1295 1711 1407 1763 1786.
1436 1718 1525 1763 298.
1554 1726 1595 1763 p.
1625 1719 1661 1757 8.
1692 1712 1719 1738 ‘¹‘

580 1788 777 1838 Proprias
809 1785 858 1824 cl.
898 1788 975 1824 viri
1005 1786 1322 1826 observationes
1350 1788 1522 1825 nonnisi
1549 1789 1595 1825 in
1621 1788 1716 1825 Tri-

502 1862 742 1914 cuspidaria
770 1876 800 1900 s.
830 1863 992 1904 Taenia
1019 1865 1197 1914 piscium
1223 1863 1377 1913 saetas,
1411 1865 1621 1912 invenies,
1649 1876 1716 1902 re-

499 1939 618 1991 liqua
649 1938 886 1990 compilata.
957 1940 1074 1990 Opus
1106 1951 1247 1979 tamen
1274 1938 1510 1990 laudabile,
1554 1942 1598 1978 in
1628 1953 1714 1993 quo

500 2017 639 2067 primo
680 2013 897 2068 generalia
936 2016 988 2054 de
1018 2019 1274 2055 Taeniarum
1308 2017 1493 2065 fabrica,
1527 2015 1660 2054 modo
1691 2029 1716 2055 a

500 2092 751 2130 Linnaeo
792 2092 836 2128 in
864 2088 1014 2130 Philos.
1045 2094 1247 2131 Botanica
1274 2095 1524 2145 proposito,
1577 2092 1718 2144 dispo-

500 2176 669 2208 nuntur.
707 2167 955 2218 Specierum
986 2168 1329 2208 distributionem
1358 2168 1589 2207 secundum
1619 2182 1717 2207 ova-

505 2245 567 2282 ria
608 2252 650 2281 et
689 2242 963 2281 articulorum
1000 2244 1183 2283 formam
1221 2247 1396 2283 tentavit
1407 2253 1421 2293 ,’
1461 2243 1573 2282 haud.
1603 2246 1718 2297 equi-

506 2320 603 2357 dem
637 2319 832 2358 omnibus
860 2323 1048 2358 numeris
1080 2321 1340 2369 absolutam,
1370 2323 1413 2358 in
1443 2319 1523 2358 hoc
1557 2333 1716 2374 genere
1777 2321 1782 2323 ’

505 2405 648 2433 tamen
683 2409 773 2434 non
822 2396 1186 2435 contemnendam.
1259 2396 1327 2436 Ad
1363 2395 1563 2438 meliores
1603 2405 1718 2435 certe

502 2473 689 2524 pertinet
720 2473 958 2524 scriptores.
