1801 3066
1240 167 1315 214 159

98 281 148 308 ex
184 270 392 306 vermium
432 269 476 304 in
511 263 657 315 primis
693 261 768 298 viis
805 259 1069 301 nidulatione
1108 266 1310 306 oriundis.

95 345 232 398 Lugd.
262 345 348 382 Bat.
383 353 492 392 1777.
521 337 586 384 56.
614 348 654 388 p.
684 341 721 386 4.
750 335 774 359 ’<
816 325 1041 374 *Trivialiffi

42 426 133 468 582.
165 434 200 459 a.
225 416 296 458 Ch
308 433 341 456 r.
369 415 494 454 Rud.
519 414 740 451 Hannes
774 410 828 450 de
848 409 1032 463 aphonia
1054 414 1230 469 aliisque
1249 422 1313 460 in-

97 493 330 536 commodis
369 493 576 531 vermium
619 490 829 540 ejectione
867 489 1033 526 sanatis.
1098 490 1167 528 In:
1203 495 1311 535 Nov,

93 575 181 611 Act.
209 571 304 608 Nat.
336 570 432 609 Cur.
471 568 520 605 T.
555 565 623 605 VI.
666 580 706 616 p.
741 564 830 612 261,
861 577 895 601 2.
925 564 951 590 ἦ(
1004 565 1173 605 Tartari
1202 583 1312 609 eme-

94 649 165 685 tici
193 659 272 684 usu
300 646 392 683 Asc.
421 642 722 681 lumbricoicles
751 643 948 692 rejectae,

41 729 131 769 582.
160 720 199 760 b.
240 722 320 759 Sur
356 721 429 758 des
460 718 662 757 douleurs
692 713 980 770 pleuretiques
1021 718 1312 771 dependentes

101 800 175 838 des
205 812 297 837 vers
328 806 370 836 et
397 810 467 836 sur
494 795 535 833 la
565 805 683 835 vertu
712 795 765 832 de
791 793 834 831 la
864 794 1066 833 coralline
1095 794 1315 848 (appellee

94 872 479 924 lemithochorton)
520 871 623 909 dans
663 885 731 909 ces
773 881 909 909 sortes
950 873 1004 909 de
1036 885 1102 910 cas
1141 884 1182 911 et
1210 876 1312 913 dans

97 953 293 1007 dhutres.
333 952 415 988 Par
441 949 500 987 M.
531 949 682 987 Saum
697 950 775 986 eir
789 961 822 985 e.
851 947 924 984 In:
951 947 1101 985 Journ.
1123 949 1178 987 de
1198 940 1312 989 Med.

95 1030 145 1067 Τ.
175 1035 236 1072 52.
266 1041 307 1079 p.
338 1025 578 1073 ’ὅδε-556*
623 1021 1055 1062 Hehninthochorton
1084 1026 1314 1074 emollitum

93 1104 287 1158 pleuritis
315 1104 580 1151 verminosa,
619 1100 753 1155 qualis
781 1103 866 1154 jam
895 1099 947 1139 ab
974 1100 1198 1157 Andryo
1231 1103 1315 1142 dic-

95 1192 138 1221 ta
166 1191 243 1221 est·
486 1231 497 1242 ⁸

43 1262 135 1307 585.
174 1257 457 1296 Observation
491 1269 561 1294 sur
599 1268 684 1293 une
721 1253 902 1296 maladie
939 1256 1210 1294 vermineuse
1237 1269 1317 1308 par

95 1335 154 1374 M.
184 1332 427 1380 lVIaurel,
457 1331 626 1369 ibidem
653 1331 704 1368 T.
733 1335 795 1380 54.
824 1343 867 1380 p.
898 1330 1054 1374 60-65.
1075 1332 1100 1356 'k
1126 1332 1315 1371 Dolores

96 1411 246 1449 itidem
284 1409 493 1460 pectoris,
529 1404 799 1445 Ascaridibus
833 1403 1187 1446 lumbricoidibus
1227 1407 1316 1447 hel—

98 1482 404 1523 minthochorti
431 1495 517 1534 ope
547 1483 745 1533 dejectis,
776 1479 939 1518 sublati.

45 1565 136 1611 534.
174 1561 286 1599 Βίεε.
317 1558 371 1596 de
398 1556 587 1595 febribus
618 1567 659 1594 et
686 1554 856 1594 variolis
885 1559 1148 1606 verminosis,
1177 1573 1315 1610 praes.

99 1633 332 1674 Godofr.
388 1630 703 1683 Christoph.
760 1632 1035 1670 Beireisio
1081 1634 1161 1672 def.
1208 1647 1316 1676 auct.

97 1711 336 1764 Philipp.
363 1709 480 1748 Ern.
510 1710 689 1747 Hinze.
719 1707 951 1747 Helmstad·.
977 1716 1086 1762 1730.
1111 1716 1173 1756 55.
1194 1726 1235 1764 p.
1249 1713 1318 1764 4*

99 1787 348 1829 Ascaridem
386 1785 713 1825 lumbricoidem
752 1799 774 1823 a
801 1786 1000 1837 praeside
1027 1789 1073 1824 in
1101 1791 1219 1840 aquis
1247 1804 1318 1828 va·-

99 1868 171 1905 riis
199 1872 414 1915 repertam
441 1862 584 1910 tradit,
613 1862 689 1901 sed
717 1861 814 1900 clar.
843 1865 980 1901 virum
1008 1861 1182 1902 humani
1212 1867 1318 1918 quid.

98 1955 292 1994 passum,
337 1952 526 1978 vermem
552 1938 895 1979 ‚diversissimum
931 1953 1012 1991 pro
1054 1941 1206 1979 eadem
1243 1941 1317 1982 ha-

99 2017 262 2066 buisse,
300 2025 442 2068 patet,
481 2029 566 2068 qua
595 2016 649 2054 de
676 2030 724 2054 re
751 2018 796 2053 in
824 2016 920 2054 Vol.
951 2014 1072 2068 hujus
1102 2027 1224 2069 parte
1253 2033 1318 2058 se-

102 2094 243 2134 cunda
270 2092 446 2132 ulterius
477 2092 689 2131 disseram.
744 2092 937 2132 Eandem
963 2093 1212 2134 Ascaridem
1241 2109 1318 2135 ore

101 2183 178 2209 suo
219 2169 447 2222 ampullam
481 2167 882 2207 Lieberkiihnii
919 2168 1129 2210 attrahere
1170 2181 1211 2210 et
1249 2186 1318 2213 ex-

104 2259 255 2299 sugere
301 2245 432 2301 fingit.
513 2245 631 2285 Inter
669 2245 773 2284 alios
817 2245 992 2285 morbos
1032 2250 1157 2286 etiam
1195 2260 1318 2300 pete-

106 2320 223 2361 chiae
258 2325 525 2362 verminosae
560 2325 737 2363 vicesIes
765 2334 1035 2362 recurrentes
1066 2338 1319 2366 enumeran-

105 2408 198 2448 tur,
236 2397 454 2452 multaque
492 2400 548 2440 de
581 2398 846 2440 resolutione
881 2403 1089 2441 vermium
1124 2403 1318 2455 putredi-
