1801 3066
423 155 468 180 10

423 253 481 294 18.
518 261 552 286 a.
592 248 814 302 Vermium
860 247 1164 286 intestinalium
1212 252 1463 301 praesertim
1504 254 1692 295 Taeniae

470 323 680 363 humanae
709 323 844 363 brevis
874 325 1105 376 Expositio,
1138 335 1312 364 auctore
1341 327 1508 366 Paulo
1539 330 1693 371 Chri..

469 402 649 439 stiano
692 400 825 440 Frid.
863 402 1128 439 Wernero.
1186 402 1294 441 Cum
1323 402 1427 442 Tab.
1459 393 1549 449 VH.
1577 407 1691 460 Lips.

473 483 584 528 1782.
614 477 708 516 XII.
739 488 780 516 et
812 481 896 526 144.
925 491 967 529 p.
997 482 1034 521 8.
1065 476 1091 501 '¹‘

415 553 453 592 b.
483 554 697 594 Vei-mium
736 552 1038 593 intestinaiium
1079 552 1217 594 brevis
1255 554 1540 608 Expositionis
1579 558 1692 596 Con-

469 633 662 670 tinuatio.
725 632 847 670 Auct.
897 629 996 668 eod.
1080 631 1187 671 Cum
1241 630 1325 671 tab.
1372 631 1423 671 II.
1487 633 1544 672 ib.
1591 633 1689 672 eod.

469 713 531 753 28.
560 721 603 760 p.
637 713 675 753 8.
703 706 728 732 ‘¹‘

415 796 448 822 c.
479 785 753 824 continuatio
800 783 1006 831 secunda,
1060 795 1167 824 auct.
1218 786 1314 826 eod.
1361 796 1459 840 post
1508 796 1690 825 mortem

467 863 647 899 auctoris
690 859 804 899 edita
834 869 876 899 et
905 860 1341 902 animadversionibus
1379 873 1504 915 atque
1535 863 1686 902 tabulis

464 936 516 976 ΙΙ.
547 939 686 976 aeneis
717 946 837 975 aucta
867 951 889 976 a
916 935 1030 976 Joh.
1058 936 1254 976 Leonh.
1284 937 1525 978 Fischer.
1582 941 1690 979 Cum

466 1013 550 1051 tab.
566 1013 636 1052 IV.
665 1014 718 1053 ad
738 1025 820 1053 nat.
850 1016 982 1066 pictis.
1012 1013 1066 1052 ib.
1096 1014 1206 1064 1786.
1239 1014 1351 1053 XVI.
1383 1025 1424 1054 et
1451 1015 1502 1067 96
1520 1030 1561 1068 p.
1584 1015 1664 1062 S*

413 1089 454 1130 d.
489 1091 762 1130 continuatio
793 1092 928 1137 tertia,
953 1099 1059 1128 auct.
1088 1089 1196 1130 Joh.
1224 1092 1422 1131 Leonti.
1452 1089 1688 1131 Fischer.

465 1167 576 1207 Cum
608 1167 690 1206 tab.
721 1169 774 1205 V.
805 1167 857 1205 ad
887 1177 969 1206 nat.
997 1154 1095 1220 pict.
1125 1166 1178 1207 ib.
1220 1174 1331 1220 1788.
1362 1181 1424 1219 79.
1453 1181 1493 1219 p.
1524 1173 1561 1213 8.
1591 1167 1616 1192 'k

609 1244 679 1284 Ad
708 1257 850 1297 opera<
871 1245 1136 1299 systematica
1164 1246 1230 1284 vix
1256 1247 1466 1297 pertinet,
1508 1242 1602 1283 heic
1630 1253 1693 1282 ta·

516 1333 617 1358 men
663 1333 790 1373 quam
831 1324 877 1359 in
926 1324 1116 1360 sectione
1167 1323 1419 1374 insequente
1466 1312 1691 1360 recensere

515 1396 667 1444 malui,
716 1411 811 1436 cum
840 1407 987 1437 auctor
1019 1396 1225 1449 plurimos
1255 1398 1571 1451 investigaverit
1597 1409 1691 1435 ver-

515 1486 620 1519 mes,
651 1481 804 1512 etcum
832 1472 1109 1525 scriptoribus
1138 1470 1491 1524 praecedentibus
1515 1471 1595 1523 (16.
1615 1472 1690 1523 17.)

515 1551 755 1600 praemium
783 1562 807 1586 a
835 1551 1040 1588 societate
1081 1551 1199 1600 regia
1227 1548 1460 1585 Havniensi
1501 1548 1693 1597 originis

513 1625 730 1660 vermium
789 1623 1122 1662 intestinalium
1171 1621 1475 1661 extricandae
1531 1625 1688 1676 gratia,

516 1713 725 1737 summum
745 1701 789 1737 in
805 1697 1183 1754 helminthologiae
1204 1698 1561 1748 emolumentum,
1591 1713 1710 1752 pro-Q

516 1777 727 1827 positum,
781 1774 1006 1815 Blochio
1022 1790 1126 1830 que
1157 1775 1373 1824 oblatum,
1430 1777 1688 1828 aspiraverit.

514 1851 695 1891 Errores
726 1853 958 1905 quosdam,
987 1855 1239 1906 praesertim
1267 1855 1311 1892 in
1340 1852 1551 1906 fingendis
1580 1855 1689 1891 Tae-

515 1930 613 1966 niae
644 1938 685 1966 et
713 1929 941 1977 Cysticerci
985 1928 1176 1981 (humani
1206 1943 1228 1967 a
1257 1944 1301 1968 se
1332 1930 1512 1978 detecti)
1543 1931 1687 1981 capitis

517 2003 708 2055 ampullis
741 2009 1009 2055 commissos,
1043 2009 1197 2059 passim
1225 2008 1271 2043 in
1303 2003 1421 2056 hujus
1450 2004 1686 2045 Voluminis

515 2080 638 2118 Parte
667 2082 852 2119 secunda
881 2082 1084 2130 referam,
1129 2085 1293 2134 saepius
1335 2092 1475 2120 tamen
1511 2091 1688 2120 structu-

514 2171 605 2195 ram
639 2160 847 2196 vermium
888 2158 998 2197 bene
1042 2159 1094 2199 ab
1126 2159 1281 2197 eodem
1314 2160 1546 2210 expositam
1583 2172 1687 2210 pro-

516 2233 652 2281 babo,
707 2244 748 2272 et
782 2232 1219 2290 helmimhologorum
1257 2235 1440 2273 Forsitan
1468 2246 1595 2274 nemo
1625 2235 1686 2273 fa·
1744 2263 1746 2266 v

517 2309 675 2348 bricam
724 2324 874 2349 eorum
915 2313 1124 2350 internam
1171 2326 1310 2365 aeque
1354 2311 1464 2351 bene
1506 2314 1704 2353 noverit(

515 2387 666 2429 Editor
681 2387 908 2435 secundae,
926 2390 1159 2441 tertiaeque
1177 2390 1504 2427 continuationis
1525 2397 1687 2436 auctor,

516 2473 687 2515 praeter
722 2474 962 2507 vestroruin
1002 2464 1195 2504 animalia
1231 2464 1523 2505 infestantium
1561 2462 1688 2503 histo-
