1801 3066
440 262 740 300 intermittente
768 271 985 304 occurrere
1011 260 1211 314 possunt'5
1247 271 1290 302 et
1328 275 1422 301 cum
1456 266 1539 317 ipsi
1573 273 1715 305 motus

443 338 631 389 corporis
658 336 827 376 febriles
853 337 1049 377 fortiores
1077 350 1166 393 non
1192 337 1342 385 ferant,
1374 348 1463 377 tum
1489 339 1616 379 facile
1644 343 1716 382 de-

438 416 639 466 jiciuntur
665 426 842 467 seseque
867 414 1070 466 produnt.
1125 413 1346 464 Ejusmodi
1384 424 1525 454 autem
1561 416 1715 456 febrim

444 490 572 530 abiis
603 492 782 538 excitari,
829 490 947 529 nullo
989 490 1122 528 modo
1158 489 1334 541 probari
1368 492 1521 543 potest.
1577 493 1623 531 Si
1660 494 1716 533 de

440 581 528 608 uno
558 566 741 608 alterove
768 565 895 606 febris
923 575 1223 620 symptomate,
1251 581 1287 605 v.
1318 581 1352 606 c.
1382 566 1572 616 horrore,
1600 570 1715 623 rigo-

439 659 499 691 re,
524 644 663 684 calore
693 657 864 699 aegrum
893 646 1146 695 corripiente
1173 648 1311 682 sermo
1342 653 1418 692 est,
1446 642 1529 682 hoc
1547 644 1712 695 facilius

439 721 693 766 admittitur3
728 722 905 773 parique
932 722 1097 759 ratione
1132 718 1209 758 sub
1246 719 1422 759 Filariae
1458 721 1711 760 medinensis

439 800 661 849 eruptione
689 795 894 834 febricula
924 795 1158 834 vulnerari-a
1176 795 1415 848 ephemera,
1446 809 1494 834 ex
1514 796 1714 836 abscessu

440 876 597 918 oritur;
627 875 687 911 sic
715 874 841 911 etiam
869 872 1086 911 Ascarides
1115 871 1407 912 vermiculares
1434 872 1711 912 muliebrium

435 952 667 990 irritatione
693 951 824 988 nimia
850 948 1098 989 febriculam
1127 950 1307 988 excitare
1334 947 1488 998 valent,
1517 961 1629 1002 quae
1648 948 1709 989 fa=

439 1028 518 1068 cile
546 1026 814 1079 explicantur⁹

1009 1125 1140 1176 §.152

791 1218 1347 1267 Corollaria.

514 1332 586 1370 His
607 1332 817 1382 expositis,
848 1328 1098 1368 morborum
1119 1342 1144 1368 a
1170 1330 1396 1378 vermibus,
1420 1330 1706 1371 derivatorum

434 1421 658 1447 numerum
673 1408 794 1447 valde
810 1404 1147 1460 restringendum
1163 1419 1251 1446 esse
1274 1416 1405 1459 patet,
1424 1420 1504 1447 nec
1519 1407 1704 1462 hospites

436 1487 607 1537 corpori
633 1487 814 1533 innatos,
845 1493 888 1523 et
915 1484 1054 1522 eiclem
1083 1485 1201 1536 quasi
1227 1483 1471 1531 famiHares,
1509 1485 1564 1524 ad
1590 1496 1706 1524 moi-'-v

435 1562 512 1601 bos
543 1562 781 1600 excitandos
811 1555 981 1601 obortos
1012 1573 1115 1607 esse,
1134 1560 1295 1599 dixeris.
1352 1561 1554 1613 Corporis
1585 1575 1706 1618 orga-

431 1641 530 1687 nici,
558 1638 750 1690 plurimis
779 1638 1004 1676 constructi
1030 1635 1248 1687 partibus,
1282 1637 1584 1682 functionibus,
1607 1641 1703 1677 toti-

422 1716 529 1759 „dem
559 1716 771 1765 occupati,
800 1712 1153 1764 stimulorumque
1182 1712 1380 1751 conflictu
1417 1727 1585 1769 semper
1618 1716 1704 1768 agia

430 1794 520 1839 tati,
547 1791 710 1829 indoles
738 1803 828 1828 non
853 1797 1007 1841 potest,
1037 1791 1142 1841 quin
1159 1791 1301 1840 'ipsam
1330 1789 1385 1827 ob
1415 1790 1702 1842 complicatio-

407 1865 523 1909 'nem
554 1878 595 1921 et
621 1868 995 1919 compositionem,
1026 1865 1214 1916 ejusdem
1250 1869 1496 1919 ceteroquin
1516 1881 1702 1920 <praero-

428 1948 609 2000 gativam
637 1946 975 1991 constituentem,
1003 1944 1230 1982 innumeris
1260 1943 1394 1982 modis
1416 1943 1700 1997 facillimeque

425 2021 633 2068 laedatur,
663 2029 711 2058 ut
739 2030 802 2058 tot
830 2030 987 2059 mortes
1018 2028 1123 2073 quot
1150 2018 1337 2059 membra
1372 2022 1476 2068 sint,
1515 2033 1596 2060 nec
1622 2020 1698 2080 11¹0·-

425 2099 552 2138 stibus
580 2106 798 2150 praeterea
827 2097 880 2135 ad
909 2109 1062 2149 corpus
1091 2097 1392 2136 destruendum
1419 2099 1500 2149 ipsi
1524 2099 1696 2142 innatis,

427 2189 534 2228 opus
562 2175 700 2214 fuerit.
753 2173 868 2212 Nihil
895 2187 1009 2222 sane,
1038 2187 1131 2213 eam
1158 2173 1289 2223 solem
1319 2172 1374 2212 ob
1405 2186 1619 2222 caussam,
1647 2183 1696 2212 ut

427 2253 545 2292 alteri
572 2260 726 2292 noceat
752 2250 821 2290 vel
849 2248 1018 2289 dolores
1049 2253 1177 2298 cieat,
1208 2264 1231 2288 a
1257 2260 1406 2289 natura
1433 2260 1695 2303 procreatur,

422 2330 498 2368 sed
527 2332 682 2376 omnia,
713 2341 822 2382 quae
851 2330 1041 2374 existunt,
1071 2327 1385 2366 accidentaliter
1411 2305 1569 2366 nlocere
1596 2340 1694 2379 pos-

421 2415 532 2456 sunt,
563 2415 603 2444 et
629 2419 815 2454 vermes,
844 2402 995 2458 quibus
1022 2406 1107 2442 vita
1132 2406 1177 2442 in
1214 2404 1460 2443 animalibus
1499 2404 1693 2458 degenda

421 2491 492 2529 est,
523 2481 626 2521 baec
653 2483 895 2535 saepissime
930 2479 1047 2522 nullo
1085 2480 1216 2521 modo
1255 2479 1501 2527 ol'fendunt;
1537 2492 1692 2532 corpo-

1632 2558 1689 2595 ris
1712 2583 1714 2585 -
