1801 3066
424 182 504 232 440

424 285 568 325 lorum
596 273 1040 343 trium4infiequalium
1066 277 1334 319 mentionem
1359 278 1482 326 fecit;
1524 278 1696 321 dever-

425 359 565 400 mibus
593 370 686 396 non
711 356 916 411 loquitur,
944 355 1022 394 sed
1048 356 1140 407 ipse
1170 358 1299 394 etiam
1328 355 1538 408 ejusmodi
1568 369 1696 395 aneu-

424 444 612 492 rysmata
641 432 798 486 absque
827 429 1038 471 veimibus
1066 433 1225 482 reperi

531 511 645 549 Num
677 510 726 548 in
762 507 936 546 homine
973 506 1127 546 similia
1164 517 1419 556 occul-iant,
1461 519 1531 544 me
1565 505 1698 559 fugit·

427 585 551 642 quod
576 587 668 637 ipse
697 586 744 622 in
773 583 978 623 cadavere
1005 581 1191 622 humano
1222 595 1246 620 a
1272 596 1341 620 me
1367 582 1568 631 dissecto,
1597 576 1700 620 alte-

426 674 607 714 rumque
637 659 760 713 quod
787 660 939 710 spiritu
955 660 1045 698 viui
1073 663 1286 699 servatum
1314 659 1497 696 examini
1524 657 1700 710 subjeci,

366 784 372 789 ⁴
426 747 579 778 natura
615 749 690 775 sua
724 733 858 787 longe
896 734 1130 785 distabant,
1175 748 1258 774 nec
1292 734 1499 774 vermium
1526 735 1729 789 vestigia*

430 804 661 852 obtulere<
703 810 853 850 Nullus
884 812 1033 860 etiam,
1064 810 1183 864 quod
1210 812 1365 859 sciam,
1391 807 1470 848 hos
1497 811 1544 847 in
1573 821 1704 847 aneu-

428 885 682 941 rysrnatibus
719 883 913 925 humanis
949 887 1123 937 reperit.
1192 886 1342 935 Canis,
1369 885 1514 938 Equus
1554 893 1596 922 et
1624 883 1703 922 Sus

428 964 609 1016 Tajassu
645 961 800 1000 morbo
835 963 905 1000 isti
939 962 1148 1014 peculiari
1183 961 1307 1002 valde
1345 960 1522 999 obnoxii
1556 943 1706 998 videri·

431 1049 515 1087 tur,
542 1037 691 1077 forsan
720 1046 860 1075 autem
887 1038 1242 1076 Anatomicorum
1277 1035 1467 1075 sollertia
1500 1020 1625 1087 plura
1660 1035 1708 1080 in.

431 1123 655 1167 posterum
683 1109 747 1150 his
776 1112 907 1151 addet
935 1111 1147 1161 animalia,
1184 1111 1309 1152 simili
1335 1111 1433 1150 labe
1462 1107 1626 1148 affecta.

476 1211 491 1219 s
539 1189 703 1225 Vermn
731 1197 872 1224 autem
900 1201 1028 1235 vero,
1065 1201 1168 1224 num
1196 1186 1417 1225 tubercula
1443 1188 1546 1233 ista,
1583 1197 1709 1224 oeso-

434 1261 625 1315 phagum
653 1272 697 1299 et
729 1260 1036 1311 ventriculum,
1077 1262 1145 1300 vel
1173 1259 1382 1299 bronchia
1417 1259 1487 1298 vel
1521 1261 1708 1308 arterias,

436 1336 506 1377 vel
534 1336 662 1374 aliam
691 1348 990 1389 quamcunque
1018 1347 1186 1388 partem
1215 1337 1484 1388 occupantia,
1514 1349 1537 1374 a
1558 1337 1712 1373 vermi-

438 1412 516 1451 bus
546 1413 758 1464 originem
787 1410 999 1461 duxerint,
1027 1411 1151 1451 valde
1182 1412 1430 1466 ambiguum
1452 1411 1636 1451 videtur.
1663 1409 1715 1449 In
1768 1438 1770 1441 v

439 1486 671 1542 tuberculis
701 1488 950 1526 arteriarum
978 1487 1128 1527 saltem
1149 1498 1266 1528 ortus
1295 1487 1416 1527 hicce
1443 1489 1584 1526 minus
1611 1477 1715 1538 Prof-

440 1562 607 1612 babilis,
652 1577 751 1602 vasa
780 1565 894 1602 enim
921 1566 1014 1615 ipsa
1040 1578 1202 1605 vermes
1230 1578 1323 1604 non
1349 1563 1524 1612 fovent,
1568 1557 1714 1603 nec'si

439 1640 659 1686 foverent,
689 1651 788 1677 cum
815 1637 1047 1678 tuberculis
1075 1628 1315 1678 miuoribus
1346 1637 1601 1686 cohaerent,
1638 1637 1715 1676 sed

442 1712 550 1753 haec
576 1716 740 1764 majora
776 1712 889 1752 facta
928 1727 1023 1752 cum
1062 1716 1225 1754 arteriis
1263 1715 1435 1754 demum
1473 1712 1712 1762 confluunt,

445 1791 514 1830 vel
559 1789 631 1828 has
671 1790 1028 1842 anem-ysmaticas
1063 1790 1274 1838 reddunt,
1322 1789 1513 1842 denique
1559 1797 1717 1835 autem,

446 1865 570 1919 quod
597 1878 688 1903 rem
717 1864 902 1915 conficit,
934 1865 1148 1918 ejusmodi
1176 1868 1304 1904 etiam
1330 1874 1519 1906 tumores
1549 1863 1717 1913 dantur,

444 1942 494 1980 in
521 1940 673 1993 quibus
699 1954 865 1980 vermes
893 1940 1001 1980 nulli
1027 1943 1311 1993 reperiuntur.
1367 1939 1526 1994 Quoad
1552 1939 1718 1992 reliqua

445 2016 565 2056 idem
592 2016 682 2055 fere
713 2016 906 2074 dixerim,
933 2031 1025 2056 non
1052 2031 1149 2056 raro
1180 2019 1293 2056 enim
1316 2015 1536 2071 tubercula
1556 2015 1719 2068 disper-

449 2105 495 2132 sa
523 2101 633 2143 sunt,
660 2106 777 2131 mere
808 2092 1012 2133 cellulosa
1031 2103 1102 2132 aut
1119 2106 1228 2146 pure
1247 2091 1427 2144 repleta,
1455 2090 1574 2146 quod
1597 2101 1719 2141 prae-

451 2169 598 2207 sertim
627 2168 801 2220 quidem
827 2170 876 2206 in
900 2168 1200 2220 pulmonibus,
1228 2168 1307 2207 sed
1334 2167 1424 2207 aliis
1453 2178 1628 2221 quoque
1654 2163 1721 2207 lo,-

452 2245 512 2281 cis
543 2242 731 2293 obtinet,
778 2253 821 2284 et
847 2245 1060 2284 vax-lorum
1088 2246 1135 2282 in
1163 2232 1429 2292 animalium,
1470 2242 1727 2295 praesertim*
1760 2256 1762 2261 ·

453 2320 597 2358 avium
624 2317 898 2373 oesophagO,
935 2319 1003 2358 vel
1039 2321 1151 2358 inter
1177 2308 1404 2357 veutriculi
1439 2320 1602 2357 tunicas
1631 2329 1721 2354 sae-

452 2397 627 2447 pissime
656 2395 911 2450 Strongylos
940 2397 1097 2446 reperi,
1126 2404 1314 2433 tumores
1335 2404 1478 2434 autem
1497 2390 1604 2434 inde
1629 2405 1723 2430 non

411 2465 415 2469 ’
458 2472 661 2511 excitatos
681 2473 780 2512 vidi,
834 2470 1084 2521 Tuberculis
1103 2472 1247 2522 itaque
1271 2470 1505 2521 nonnuHIs,
1534 2462 1728 2525 quacun<
