1801 3066
1270 162 1348 206 209

76 256 231 293 sicariis
253 253 415 306 aliquot
443 248 750 294 Schrankii;
779 246 1096 301 subglobosum,
1115 257 1336 304 punctiaeq

74 329 234 371 mulum
263 333 306 367 in
333 326 637 366 Echinococco.

179 406 228 445 In
279 399 655 443 Prionodermace
713 411 866 451 corpus
931 399 1335 459 depressiusculum,

76 485 272 534 utrinque
302 485 585 523 attenuatum,
624 489 851 529 rugosum,
893 486 1124 526 serratum,
1165 491 1208 517 ut
1239 487 1335 524 arti-

76 556 254 602 culatum
283 567 375 593 esse
407 555 574 606 jurares.
629 551 680 591 In
706 552 925 589 Dio-erate
953 550 1268 605 subglobosum.

633 671 763 719 §.4

553 752 858 799 Gauda.

174 864 222 904 In
249 859 558 902 Nemacoideis
592 863 826 900 extremitas
864 861 1074 915 posterior
1108 876 1206 903 cum
1242 880 1335 907 cor-

69 955 175 995 pore
215 942 412 980 continua
441 937 602 976 caudae
629 936 731 975 fines
760 941 990 978 anteriores
1026 952 1116 979 non
1153 941 1334 983 admittit

71 1026 217 1056 certos.
271 1017 388 1069 Apex
416 1015 601 1064 ejusdem
631 1020 700 1052 aut
728 1014 927 1062 obtusus,
967 1024 1039 1053 aut
1067 1027 1236 1066 acuum,
1265 1020 1332 1058 vel

69 1095 324 1133 acutissimus
362 1090 629 1130 subulatusve
649 1118 662 1138 ,
705 1100 845 1130 rectus
890 1101 960 1129 aut
1004 1091 1224 1145 obliquus,
1270 1097 1333 1136 in-

68 1169 195 1208 flexus
221 1168 288 1208 vel
316 1167 504 1207 reflexus.
567 1166 717 1221 Margo
753 1180 878 1219 saepe
906 1166 1158 1208 membranis
1185 1170 1334 1211 latera-

3 1243 13 1249 *
66 1246 174 1285 libus
202 1242 451 1284 exstantibus
491 1252 690 1296 augetur;
732 1245 776 1281 in
820 1242 953 1282 cauda
988 1255 1120 1294 porro
1149 1250 1332 1287 marium

69 1321 312 1376 genitalium
355 1328 623 1358 externorum
671 1326 895 1368 apparatus
940 1319 984 1355 in
1003 1318 1202 1369 ‘plurimis
1232 1336 1332 1362 con-

69 1401 262 1449 spicitur,
305 1395 548 1447 praesertim
585 1395 630 1430 in
656 1392 874 1439 Ascaride,
920 1393 1144 1447 Strongylo
1173 1405 1215 1436 et
1241 1398 1333 1437 Tri-

71 1471 344 1524 chocephalo.

173 1547 222 1585 In
256 1539 677 1596 Acanthoceplcalis
719 1543 853 1581 cauda
889 1557 1063 1597 quoque
1100 1552 1332 1598 generatim

69 1637 164 1663 cum
195 1635 376 1673 corpore
405 1622 606 1658 continua
627 1618 687 1656 nil
709 1620 790 1657 nisi
819 1618 939 1671 hujus
957 1630 1120 1671 partem
1140 1623 1331 1664 ultimam

68 1682 188 1746 sistit,
225 1698 342 1737 nullo
371 1698 502 1735 modo
539 1693 794 1743 notabilem,
836 1694 1091 1749 plerumque
1120 1697 1329 1750 obtusam,

69 1786 110 1816 et
138 1778 392 1822 tenuiorem,
418 1774 552 1811 rarius
581 1773 839 1810 crassiorem.
895 1772 1153 1812 Genitalium
1168 1789 1332 1816 mascu-

67 1853 206 1891 lorum
235 1858 458 1903 apparatus
477 1850 682 1887 rarissime
701 1855 869 1887 externe
895 1850 1091 1897 eminent,
1121 1851 1194 1890 cfr.
1224 1853 1329 1906 Cap.

67 1927 176 1968 XIII.
206 1930 240 1976 §.
270 1940 306 1965 2.
335 1925 409 1964 ubi
438 1927 563 1963 etiarn
593 1925 645 1963 de
672 1935 813 1963 verme
841 1924 1040 1978 singulari
1067 1925 1288 1969 bifurcam.

122 2052 127 2055 ¹
171 2005 221 2043 In
253 2000 599 2041 Trenzacodibus
628 2001 763 2039 cauda
789 2000 1039 2054 plerumque
1061 2015 1157 2040 cum
1177 2017 1330 2057 corpo-

68 2096 114 2121 re
143 2082 364 2126 continua,
395 2077 566 2125 obtusa,
603 2076 669 2116 vel
698 2084 930 2124 attenuata,
970 2077 1035 2116 ve}
1065 2079 1256 2128 dilatatam
1283 2085 1329 2123 in

71 2157 320 2211 quibusdam
365 2154 744 2207 (Amphistomate‚
787 2151 1092 2207 Polystomate,
1134 2168 1188 2195 an
1216 2165 1257 2195 et
1283 2160 1328 2197 in

70 2235 300 2272 Distomate
336 2232 494 2271 clavato
536 2227 820 2276 Menzier?)
858 2241 969 2280 poro
1005 2232 1225 2279 instructa;
1261 2246 1328 2273 ra-

71 2312 155 2347 rius
186 2306 505 2360 appendiculam
532 2316 607 2347 seu
636 2304 914 2358 appendicem
931 2307 1074 2345 sistens
1091 2309 1325 2359 propriam,

73 2397 254 2437 corpore
281 2386 542 2432 tenuiorem,
571 2394 611 2423 et
639 2398 686 2422 ex
715 2382 867 2422 eodem
896 2385 1015 2434 quasi
1045 2384 1236 2424 emissam
1262 2388 1327 2437 (in

15 2510 20 2513 ,
71 2458 374 2500 Distomatibus
404 2459 593 2513 aliquot),
621 2456 728 2500 Tab,
748 2458 800 2496 V.
828 2458 913 2512 Fig.
947 2471 980 2506 1,
1010 2472 1048 2501 2ό

459 2545 462 2547 Α
532 2537 534 2539 f
798 2533 836 2572 O
