1801 3066
502 193 580 238 370

504 304 638 344 aeque
666 303 716 328 ac
741 289 1118 328 Ascarides*dictae
1146 291 1434 330 convenirent.
1473 289 1767 341 Habitaculum

504 369 709 407 vermium
731 367 954 415 diversum,
985 379 1037 404 an
1064 366 1193 404 iidem
1225 358 1450 412 differant,
1482 375 1564 403 nos·
1590 377 1765 425 attentos

502 444 674 491 reddat,
723 444 968 482 discriminis
1008 452 1147 481 autem
1174 451 1298 488 nota,
1346 444 1534 481 examine
1560 426 1765 492 instituto,-

503 535 593 561 non
619 529 802 572 reperta,
832 520 1005 558 eosdem
1036 521 1340 571 conjungamus
1367 531 1539 557 necesse
1561 528 1635 558 est.
1674 519 1767 557 His-

503 601 612 637 toria
640 600 751 636 enim
783 596 981 634 naturalis
1011 608 1100 634 non
1129 594 1346 649 fingenda,
1395 595 1471 633 sed
1500 595 1554 633 ad
1589 584 1769 651 natu-rae

501 683 707 720 mentem,
738 682 940 724 quantum
968 672 1055 711 fieri
1082 682 1247 724 potest,
1292 671 1601 723 componenda.

610 752 695 803 Qui
721 749 810 794 fiat,
849 758 898 785 ut
937 747 1117 786 hominis
1145 749 1308 786 Ascaris
1336 748 1619 802 vermicularis
1645 748 1769 788 Asca·

502 830 600 869 ridis
629 827 755 865 muris
796 824 1015 862 obvelatae
1043 824 1249 862 simillima
1288 827 1363 872 sit,
1399 834 1446 862 ut
1478 825 1668 864 Erinacei
1697 839 1767 863 eu·

502 907 646 958 ropaei
659 901 1032 955 Echinorhynchus
1064 901 1346 953 napaeformis
1366 900 1624 940 Monedulae
1646 900 1768 939 Echi-

502 978 794 1033 norhynchum
834 990 1117 1028 compressum
1167 991 1437 1030 summopere
1482 979 1656 1022 refer-am
1698 972 1801 1017 cur'

472 1054 475 1057 ¹
504 1057 745 1098 animalium
777 1054 1151 1091 diversissimorum
1191 1068 1350 1093 vermes
1387 1069 1512 1108 saepe
1546 1054 1675 1093 iidem
1702 1053 1769 1092 vel

502 1133 722 1177 simillimi,
763 1130 1070 1168 sim'dlimorum
1107 1133 1208 1168 varii
1238 1131 1386 1169 diversi
1424 1136 1526 1177 sint,
1568 1130 1650 1168 hoc
1680 1143 1768 1169 om-

501 1214 601 1251 nino
630 1211 861 1260 ignoratur,
890 1218 956 1242 res
985 1214 1137 1254 tamen,
1166 1206 1300 1258 qualis
1331 1207 1565 1254 exhibetur,
1597 1220 1621 1244 a
1647 1216 1768 1245 natu-³

501 1301 571 1326 rae
601 1291 836 1323 scrutatore
878 1282 1124 1319 referenda:
1167 1283 1327 1333 posteri
1371 1281 1540 1328 forsan,
1582 1280 1768 1321 chemica

499 1363 682 1416 partium
713 1357 868 1410 analysi
895 1359 1151 1408 perfectiori,
1182 1356 1356 1410 aliisque
1387 1357 1662 1406 adminiculis,
1690 1371 1767 1413 1¹01·

501 1440 562 1478 bis
591 1450 678 1476 non
707 1436 935 1479 concessis,
971 1443 1135 1471 utentes
1167 1433 1451 1485 explicabuntz
1491 1444 1682 1481 nosmet,
1712 1434 1765 1480 ab

501 1513 723 1571 hypothesi
750 1510 888 1548 fallaci
917 1509 1128 1556 cavendo,
1177 1509 1514 1548 observationum
1541 1525 1766 1550 numerum

501 1602 749 1643 augeamus,
780 1596 821 1624 et
849 1587 1012 1633 omnia,
1056 1599 1165 1638 quae
1192 1584 1330 1623 lucem
1360 1577 1559 1633 afferant,
1586 1586 1765 1625 sollicite

500 1665 895 1706 animadvertamus.
951 1661 1022 1700 Me
1048 1663 1296 1713 paucissima
1326 1663 1453 1709 scire,
1480 1675 1571 1701 non
1586 1664 1763 1716 ignoro,

498 1743 574 1782 sed
604 1753 653 1778 ea
681 1747 843 1777 tantum
873 1750 971 1776 cura
1009 1745 1096 1782 est,
1133 1750 1181 1776 Ut
1211 1749 1320 1788 quae
1349 1739 1478 1775 sciam
1508 1748 1548 1776 et
1576 1739 1763 1786 celicam,

501 1829 695 1871 quaeque
725 1812 861 1851 obiter
890 1822 1049 1851 tantum
1077 1813 1265 1853 viderim,
1300 1811 1435 1859 brevi,
1465 1822 1513 1850 ut
1541 1827 1765 1866 quaecer-

499 1904 543 1934 ta
558 1891 739 1931 dubiave
752 1887 945 1935 habeam,
961 1887 1093 1940 probe
1108 1889 1373 1941 distinguam.
1395 1888 1583 1943 Systema
1594 1888 1765 1944 physio-

495 1969 680 2022 logicum
703 1964 914 2003 conflandi
942 1967 975 2002 si
1006 1965 1261 2004 desiderium
1283 1966 1401 2012 esset,
1434 1978 1520 2018 quo
1537 1979 1649 2004 nunc
1670 1967 1762 2018 plu-

497 2048 625 2085 rimos
637 2042 813 2094 flagrare
824 2040 967 2087 doleo,
981 2040 1108 2079 Verba
1121 2039 1297 2078 obscura
1311 2041 1580 2092 proferendo,
1595 2054 1762 2081 anoma-

496 2123 570 2161 lias
587 2118 781 2164 tacend0‚
812 2124 851 2155 et
869 2119 994 2170 genio
1019 2119 1061 2155 in
1083 2115 1279 2155 omnibus
1303 2110 1576 2169 indulgendO,
1594 2118 1650 2155 *id
1669 2121 1767 2170 qui->

497 2199 595 2238 defu
621 2194 818 2234 facillime
837 2202 1100 2239 exstruerem,
1129 2190 1202 2229 sed
1230 2201 1468 2230 commenta
1499 2191 1610 2232 delet
1629 2193 1728 2232 dies.
1757 2212 1759 2215 ·

908 2298 1064 2367 Cap.
1107 2297 1341 2348 XVIII.

760 2404 853 2455 De
894 2397 1286 2456 Encozoorzmz
1332 2398 1469 2453 orm¹

570 2546 578 2551 ,
599 2505 784 2556 Campus
812 2502 1034 2556 panditur,
1071 2503 1115 2539 in
1145 2513 1230 2553 quo
1260 2501 1340 2540 late
1368 2503 1506 2555 vagari
1532 2501 1652 2550 licet,
1680 2502 1755 2542 sed
