1801 3066
455 165 533 211 224

455 280 546 314 sos,
586 263 654 305 vel
683 273 944 314 contractos,
986 276 1085 303 mox
1112 263 1295 303 tumidos
1323 262 1391 304 vel
1416 262 1594 319 lagenae
1621 279 1715 318 spe·

455 345 561 382 ciem
603 340 856 390 referentes,
902 340 1110 380 foramine
1151 344 1253 393 (ore
1290 344 1435 394 quasi)
1473 343 1738 399 instructos,¹

454 418 634 458 totidem
660 431 742 470 pro
770 416 981 456 vermibus
1013 417 1334 467 (cucurbitinis
1362 417 1440 456 sibi
1469 418 1632 470 dictis),
1673 395 1724 455 et·
1768 456 1771 457 ⁷

452 496 655 534 Taeniam
680 496 889 548 integram
916 506 998 544 pro
1026 495 1231 531 vermium
1256 496 1434 532 istorum
1459 503 1607 532 mutuo
1637 491 1716 530 sibi

452 569 702 612 inhiantium
731 581 772 609 et
799 568 1111 609 inhaerentium
1140 577 1286 607 catena
1313 566 1520 619 habuisse,
1551 567 1723 607 facilius.

450 650 638 690 excusari
675 655 828 699 potest.
894 641 956 684 Ex
984 656 1069 699 quo
1111 655 1252 684 antem
1288 647 1476 684 Taeniae
1516 653 1642 696 caput
1668 642 1731 682 in'

451 724 669 773 omnibus,
698 721 855 761 collum
881 733 972 760 non
1000 721 1263 761 articulatum
1291 725 1335 760 in
1364 724 1459 760 satis
1479 720 1619 760 multis
1639 718 1713 759 ob·
1746 712 1759 717 ⁵

449 804 585 850 vium,
626 809 667 838 et
693 796 907 850 reliquum
948 799 1207 836 anteriorum
1248 812 1269 836 a
1297 797 1601 850 posterioribus
1633 797 1714 834 [fs-

450 880 633 925 crimen,
672 887 752 913 nec
779 887 868 912 non
901 875 1089 913 omnium
1115 887 1271 924 nexus,
1307 889 1448 928 saepe,
1476 883 1524 912 ut
1549 873 1712 920 monui,

448 951 636 1002 validus,
671 960 713 990 et
740 953 785 988 in
813 949 1007 989 omnibus
1038 950 1220 990 articulis
1252 951 1406 989 eodem
1434 950 1567 989 modo
1598 962 1712 987 com-

446 1040 619 1083 paratus
629 1057 643 1078 ,
688 1040 768 1066 nec
809 1026 1076 1080 irregularis,
1124 1026 1256 1080 qualis
1296 1041 1345 1065 ex
1374 1025 1584 1065 vermibus
1614 1022 1730 1063 casu

429 1101 628 1160 :fortuito
659 1105 892 1155 conjunctis
923 1104 1026 1142 oriri
1055 1104 1290 1151 debuisset,
1319 1116 1417 1141 vasa
1446 1102 1616 1140 demum
1646 1097 1710 1138 a'r-

447 1180 597 1221 ticulos
628 1174 774 1219 omnes
802 1193 890 1218 uno
919 1181 1087 1218 tramite
1115 1167 1423 1232 percurrentia,
1453 1192 1502 1217 ex
1525 1190 1611 1230 quo
1633 1178 1711 1214 ista

445 1260 620 1311 inquam
656 1259 907 1304 innotuere,
949 1257 1159 1306 opinionis
1194 1255 1303 1294 illius
1332 1255 1486 1294 falsitas
1515 1266 1606 1292 non
1630 1266 1710 1304 po-

447 1337 551 1382 tuit,
580 1335 684 1385 quin
713 1331 907 1370 omnibus
935 1341 1126 1383 pateret,
1154 1342 1203 1370 ut
1230 1332 1438 1382 phu-ade
1469 1331 1618 1369 eadem
1646 1326 1734 1368 re-'

445 1411 556 1450 ferre
587 1411 742 1463 pigeat.
787 1408 952 1447 Nexum
978 1420 1081 1446 vero
1113 1406 1387 1446 articulorum
1409 1406 1528 1459 quod
1549 1407 1711 1454 attinet,

445 1487 682 1542 generatim
718 1484 892 1538 quidem
935 1486 993 1522 ita
1030 1494 1295 1535 comparatus
1336 1491 1420 1533 est,
1462 1492 1509 1522 ut
1548 1479 1711 1520 articuli

442 1564 595 1615 prioris
620 1550 774 1613 *margo
803 1562 1019 1611 posterior
1048 1545 1305 1598 anteriorem
1333 1560 1592 1612 insequentis
1624 1571 1708 1595 am-

442 1638 676 1692 plectatur,
706 1645 748 1674 et
773 1634 868 1686 plus
896 1637 1033 1673 minus
1063 1633 1258 1688 obtegat;
1296 1635 1373 1674 secl
1399 1648 1480 1686 pro
1511 1630 1708 1672 articulo-

443 1729 537 1755 rum
564 1713 704 1752 forma
743 1721 785 1750 et
818 1721 952 1750 aetate
979 1710 1220 1762 multopere
1250 1712 1404 1759 variat,
1441 1721 1489 1749 ut
1516 1713 1559 1748 in
1588 1708 1708 1761 ellip-

442 1793 531 1830 ticis
559 1803 596 1828 v.
627 1802 658 1827 c.
686 1786 756 1828 vel
793 1785 1147 1826 moniliformibus
1183 1800 1273 1825 non
1302 1798 1437 1839 aeque
1465 1779 1585 1824 fortis
1616 1792 1710 1823 esse'

442 1877 593 1922 queat,
623 1878 671 1904 ac
698 1867 742 1903 in
771 1863 983 1916 quadratis
1014 1871 1056 1901 et
1082 1860 1327 1912 latioribus,
1357 1873 1398 1901 et
1425 1865 1469 1901 in
1496 1853 1721 1920 posterioss

440 1943 556 1984 ribus
583 1941 653 1983 vel
679 1937 980 1978 maturioribus
1014 1948 1055 1978 et
1087 1941 1205 1991 quasi
1225 1939 1448 1991 decrepitis
1469 1938 1591 1977 simul
1620 1949 1706 1977 ma-

441 2024 503 2076 gis
540 2020 759 2072 magisque
797 2010 994 2064 tollatur,
1042 2015 1158 2055 uncle
1186 2013 1338 2053 horum
1365 2014 1537 2067 plurimi
1565 2013 1705 2066 (velut

441 2097 546 2136 folia
573 2095 819 2145 fructusque
848 2087 900 2131 ab
930 2092 1083 2131 arbore
1113 2092 1331 2144 cadentia)
1359 2090 1533 2130 solitarii
1562 2105 1703 2130 excer-

433 2184 613 2223 nuntur.
666 2171 714 2209 In
742 2168 994 2222 quibusdam
1022 2176 1245 2220 praeterea
1270 2182 1307 2206 v.
1337 2181 1369 2206 c.
1410 2160 1582 2204 Tdenia
1599 2167 1706 2217 fia-

440 2250 548 2302 gili,
579 2249 822 2299 interrupta
850 2254 925 2283 etc.
967 2244 1128 2284 fabrica
1155 2244 1384 2284 tenerrima
1410 2254 1563 2282 nexum
1590 2235 1716 2281 facil->

439 2323 540 2365 lime
580 2322 718 2362 solvit.
779 2323 846 2361 De
872 2323 1079 2360 varietate
1116 2318 1389 2359 articulorum
1423 2317 1704 2368 memorabili,

440 2414 526 2455 qua
567 2398 649 2437 alio
692 2398 824 2451 111on
872 2400 1067 2449 connecti
1104 2396 1329 2443 videantur
1375 2398 1421 2440 in
1468 2395 1570 2452 Cap.
1606 2394 1701 2434 XV.

435 2480 472 2538 ᾗ.
499 2482 537 2526 5.
568 2489 699 2531 agam,

1595 2551 1632 2602 5-
1660 2552 1704 2592 50·
