1801 3066
1235 189 1304 215 111

88 292 239 342 jectam
268 284 434 324 vidisse.
490 279 599 317 Rara
636 278 784 327 utique
815 283 897 319 est;
945 277 1056 316 conf.
1085 291 1125 317 n.
1158 281 1233 326 156
1263 293 1304 321 et

90 371 179 411 573.
234 363 328 414 Ipse
359 355 538 396 eandem
567 354 611 390 in
640 349 935 402 hodoeporico
967 353 1019 401 (n.
1049 360 1129 403 84.)
1160 357 1253 395 Vol,
1273 357 1302 396 1,

92 456 131 492 p.
161 448 222 485 δι.
252 435 327 475 sub
355 446 468 471 nom.
503 430 545 468 T.
577 428 889 466 denticulatae
917 426 1131 479 descripsi.

40 524 129 565 583,
164 511 331 553 Taenia
370 507 558 545 Zebrae.
617 504 827 547 Sander
865 504 910 539 in
942 503 1160 542 Neuesten
1186 508 1305 548 Man-

89 586 446 642 nigfaltigkeiten.
474 583 518 620 Β.
549 581 598 619 Π.
629 593 670 631 p.
704 587 788 625 155.
841 577 1024 618 Taenias
1052 580 1221 621 Zebrae
1248 583 1307 622 la..

93 667 297 710 tissimas,
334 662 589 710 Taeniisque
619 659 662 693 in
690 655 817 708 lupo,
856 654 964 703 fele,
1004 670 1132 706 cane,
1173 673 1305 712 equo,

99 740 290 779 salmone
321 748 394 776 etc.
427 736 605 786 repertis
644 732 815 770 latiores
847 745 949 770 esse.
1006 734 1130 772 Conf.
1170 736 1310 776 Goe-

93 832 149 856 ze
177 811 452 867 Naturgesch.
485 811 561 849 der
586 809 915 862 Eingeweidew.
948 823 988 860 p.
1017 809 1080 848 61.

40 895 130 940 583.
175 893 344 930 Taenia
381 890 644 939 Scolopacis.
701 886 880 923 Goeze
927 899 1014 923 von
1061 887 1145 927 den
1182 890 1307 928 Wflr-

91 982 214 1008 mern
241 970 284 1004 in
313 967 398 1004 den
428 963 672 1002 Gediirmen
703 961 780 999 der
808 960 1183 1014 Waldschnepfen.
1237 966 1308 1003 In:

92 1047 309 1084 Neuesten
356 1038 812 1094 Mannigfaltigkedten.
871 1052 906 1075 2.
945 1037 1084 1093 Jahrg.
1138 1054 1179 1092 p.
1219 1046 1309 1091 54¹·

92 1123 126 1160 B
142 1134 167 1159 o
184 1134 205 1159 e
220 1119 245 1157 h
259 1134 301 1157 m
315 1133 337 1158 e
349 1133 381 1156 r.

42 1203 132 1248 584.
167 1198 342 1234 Taenia
368 1193 570 1244 Urogalli
593 1192 802 1244 descripta
831 1190 883 1229 ab
911 1191 1171 1245 Adolpho
1200 1195 1312 1233 ΜΟ-

96 1273 229 1311 deer
255 1275 319 1310 in:
350 1272 443 1326 Nya
469 1274 564 1310 Vet.
594 1270 724 1309 Acad.
753 1268 907 1307 HandJ.
941 1283 1052 1322 1790·
1081 1285 1121 1323 p.
1150 1272 1235 1311 126.
1259 1272 1285 1298 ’κ

365 1399 434 1444 N.
502 1396 994 1460 Botlzrioceplzalus.

46 1516 135 1558 535.
166 1511 208 1547 Β.
238 1505 419 1545 solidus.
475 1508 520 1546 C.
550 1507 783 1544 Linnaei
818 1506 1037 1546 Oelandsk
1065 1508 1145 1547 och
1176 1510 1311 1548 Goth-

97 1582 247 1622 landsk
283 1583 403 1620 Resa.
445 1581 694 1619 stockholm
734 1588 844 1633 1745.
874 1588 910 1627 8.
957 1583 984 1607 ’κ
1045 1584 1089 1620 Β.
1130 1585 1314 1624 solidum

98 1658 200 1698 mihi
229 1658 412 1707 dictum,
451 1658 518 1696 vel
546 1659 750 1697 Taeniam
779 1658 959 1697 solidam
988 1670 1231 1709 auctorum,
1269 1664 1317 1701 in.

101 1737 378 1776 Gasterosteo
408 1745 622 1787 repertam
649 1749 690 1787 p.
722 1741 808 1779 250.
840 1735 980 1774 obiter
1011 1737 1231 1787 describit,
1273 1749 1314 1778 et

101 1811 322 1851 confundit
352 1825 446 1849 eum
474 1811 666 1850 Planaria
693 1811 828 1850 lactea
853 1811 909 1849 ib.
937 1826 978 1864 p.
1013 1820 1098 1859 182.
1130 1815 1315 1867 descrip-

102 1899 167 1937 ta,
195 1897 241 1925 ut
268 1891 437 1940 utrique
463 1890 578 1927 idem
607 1889 772 1929 dederit
798 1902 980 1938 nomen,
1007 1903 1088 1928 nec
1118 1903 1142 1929 a
1169 1891 1314 1930 Disto-

99 1974 211 2002 mate
239 1963 435 2016 hepatico
465 1974 643 2016 separet.

49 2042 137 2090 586.
168 2042 217 2079 O.
247 2041 322 2078 Fr.
351 2040 607 2080 Mfiller's
644 2040 929 2096 Abhandlung
955 2056 1056 2081 vom
1082 2043 1317 2089 Bandvvur-

101 2132 170 2157 me
209 2117 282 2156 des
313 2116 534 2172 Stichlings
562 2119 651 2157 und
689 2132 788 2157 vom
825 2117 1069 2172 milchigten
1097 2118 1317 2160 Plattwur-

103 2207 184 2231 me.
237 2195 298 2232 Im
325 2193 668 2244 Naturforscher,
698 2196 753 2234 St.
787 2202 844 2242 18.
878 2211 919 2248 p.
950 2211 995 2235 21
1018 2198 1114 2248 -57.
1143 2196 1248 2237 Tab.
1277 2199 1314 2238 5.

106 2269 193 2322 Fig.
227 2285 344 2309 1-11.
373 2273 609 2309 Linnaei
647 2285 811 2312 errores
843 2273 977 2312 dictos
1006 2272 1185 2322 refellit,
1223 2277 1316 2326 ipse

107 2355 249 2383 autem
276 2348 468 2387 Distoma
494 2346 732 2400 hepaticum
756 2363 850 2387 cum
878 2348 1215 2402 Amphistomate
1243 2365 1315 2392 co-

106 2424 203 2460 nico
231 2423 295 2473 (n.
324 2435 404 2461 200
432 2434 474 2461 et
498 2437 538 2463 n.
567 2433 657 2471 520.
688 2429 748 2478 a.)
779 2426 1013 2466 confundit.

189 2497 311 2537 Conf.
340 2511 381 2536 n.
409 2511 472 2551 70.
