1801 3066
463 146 543 187 506
915 192 933 197 ,

463 264 542 290 nus
570 263 676 290 vero
706 239 969 302 reliquorum
1005 250 1212 287 vermium
1244 246 1324 284 huc
1365 246 1624 296 relatorum,
1662 247 1732 287 vel

468 329 635 375 ovaria,
663 325 732 373 vel
761 324 909 375 ovula,
938 324 1006 365 vel
1036 323 1141 363 aliae
1171 319 1452 377 quaecunque
1480 333 1621 375 partes
1650 322 1732 364 huc

466 398 701 442 trahendae
753 400 1094 441 observatoribus
1144 392 1394 448 innotuere,
1444 409 1492 439 ut
1532 397 1733 440 hactenus

469 478 683 529 esexuales
711 479 950 518 videantur.

913 687 1069 756 Cap.
1113 686 1275 739 XIV.
1323 764 1326 769 ι

579 806 672 855 De
713 804 1100 854 Encozoorzcm
1146 807 1298 853 coitu
1343 813 1400 854 ec
1432 811 1622 870 parm.

1042 951 1079 999 ᾗ.
1111 962 1143 987 1.

821 1044 1376 1090 Nemacoideoram.

549 1163 935 1203 Nemotoicleorum
984 1163 1114 1217 longe
1159 1163 1444 1216 plurimorum
1487 1160 1737 1217 genitalibus

468 1239 590 1281 nobis
634 1240 834 1292 cognitis,
878 1248 921 1276 et
964 1239 1014 1277 ab
1057 1238 1119 1278 his
1163 1240 1216 1279 ad
1257 1239 1422 1292 reliqua
1464 1238 1737 1278 conclusione

470 1316 601 1364 facta,
632 1328 751 1354 sexus
781 1312 901 1365 hujus
932 1315 1090 1354 ordinis
1110 1329 1278 1367 semper
1298 1315 1502 1354 discretos
1526 1328 1629 1364 esse,
1657 1328 1739 1354 nec

471 1389 723 1430 animalcula
752 1389 819 1429 vel
847 1388 1197 1442 hermaphrodita
1223 1393 1267 1430 in
1301 1391 1454 1430 eodem
1485 1391 1578 1430 dari
1597 1381 1740 1429 statui-

401 1456 410 1460 ·
468 1482 576 1506 mus.
651 1465 715 1505 Cl.
755 1467 926 1520 quidem
966 1467 1228 1506 Froelich
1267 1467 1460 1520 (Naturf.
1497 1468 1554 1506 St.
1583 1467 1738 1510 XXIV.

472 1559 514 1596 p.
550 1545 634 1584 151.
664 1542 771 1584 Tab.
798 1543 872 1584 IV.
911 1544 1003 1597 Fig.
1036 1546 1211 1595 11-13.)
1252 1547 1297 1583 in
1322 1539 1547 1583 Ascurida
1572 1545 1740 1582 Psittaci

475 1618 1025 1672 aestivifiermaplzrodz‘ca
1065 1619 1142 1658 sibi
1179 1620 1313 1670 dicta,
1359 1630 1409 1658 ut
1446 1633 1606 1659 nomen
1641 1620 1738 1670 fert,

471 1706 697 1748 utrumque
725 1697 934 1747 reperisse
963 1694 1041 1733 sibi
1069 1697 1179 1734 visus
1211 1705 1273 1734 est
1300 1710 1465 1742 sexum;
1496 1697 1637 1734 omnia
1666 1710 1740 1735 au·-

473 1782 557 1810 tem
586 1774 678 1821 tria,
709 1785 818 1824 quae
848 1773 1008 1810 invenit
1038 1774 1280 1822 specimina,
1310 1758 1461 1822 utpote
1489 1771 1657 1823 spiculis
1677 1774 1740 1811 in-

475 1856 654 1896 structa,
707 1847 891 1886 mascula
935 1857 1055 1885 erant
1111 1857 1151 1885 et
1194 1847 1445 1899 corpuscula
1487 1848 1740 1888 orbicularia

475 1922 796 1972 translucentia,
836 1923 986 1976 quibus
1014 1927 1166 1963 vermis
1197 1926 1315 1978 quasi
1343 1935 1581 1978 squamatus
1611 1939 1739 1977 appa-

474 2001 583 2047 ruit,
612 2013 806 2052 quaeque
835 1999 961 2039 ovula
990 2009 1060 2038 aut
1089 2002 1234 2038 ovaria
1272 2015 1361 2040 esse
1390 2000 1592 2050 credidit,
1630 2014 1737 2039 non·
1776 1988 1778 1991 ι

473 2077 553 2115 nisi
582 2063 684 2115 entis
713 2078 902 2114 internae
930 2074 1026 2114 loca
1054 2076 1292 2129 inaequalia
1331 2077 1553 2130 designare
1591 2077 1736 2123 viden-

475 2161 567 2201 tur,
607 2151 661 2189 ad.
688 2153 1005 2204 generationem
1044 2152 1190 2191 saltem
1226 2167 1314 2191 non
1340 2153 1521 2202 Faciunt,
1558 2166 1656 2191 nam
1691 2155 1737 2192 in

474 2227 702 2266 Ascaride
730 2226 952 2265 columbae
981 2229 1207 2267 maculosa
1233 2227 1336 2268 mihi
1364 2229 1488 2278 dicta,
1516 2227 1663 2282 illique
1683 2231 1735 2267 si-

425 2319 427 2321 ·
475 2303 670 2352 millima,
714 2301 862 2343 eadem
901 2307 1074 2343 omnino
1114 2319 1297 2358 corpora
1325 2303 1621 2344 translucentia
1649 2316 1761 2353 tam*

477 2381 521 2417 in
547 2379 732 2419 maribus
774 2382 1007 2434 (quatuor)
1047 2395 1173 2433 quam
1200 2384 1244 2420 in
1272 2381 1449 2421 femellis
1489 2383 1607 2434 (sex)
1633 2380 1734 2421 mihi

478 2450 608 2494 obviis
637 2460 792 2508 reperi.
