1801 3066
1282 157 1356 201 265

93 263 278 313 spIciam.
349 261 496 300 Rarius
525 260 838 310 approximata,
879 260 1022 300 dissita
1050 265 1238 315 saepius;
1291 276 1357 302 ca-

92 338 180 387 pite
221 339 356 375 amice
390 336 520 388 plano
559 343 600 371 et
630 332 839 385 quadrato
879 337 924 372 in
972 338 1133 389 angulis
1164 338 1356 389 ejusdem

93 423 277 464 quatuor
303 413 458 463 posita,
499 409 652 448 eodem
681 423 784 448 vero
813 410 1046 449 rotundato
1075 425 1239 463 partem
1271 417 1356 466 ejus

93 491 224 541 magis
251 488 534 538 posteriorem
563 484 641 524 sibi
668 486 907 531 vindicant;
953 484 1036 524 hoc
1066 497 1207 525 autem
1235 491 1356 529 simul

93 562 143 600 ab
174 561 418 600 osculorum
444 562 736 614 magnitudine
763 561 938 613 pendet,
968 561 1220 614 quibusdam
1246 568 1355 604 enim

89 640 270 686 minora,
301 638 388 676 aliis
417 640 618 686 maxima,
649 648 822 690 tumque
852 637 1019 676 sibimet
1046 640 1178 693 magis
1221 642 1355 679 vicina

90 725 209 759 sunt;
264 714 518 766 plerumque
547 713 824 763 orbicularIa,
863 717 996 753 rarius
1026 714 1234 767 elliptica,
1261 716 1356 768 plus

88 793 226 829 minus
256 789 495 842 profunda,
543 799 591 827 ut
620 803 773 828 conum
804 803 1070 840 excavatum,
1117 791 1183 831 vel
1210 807 1358 832 vascu-

87 865 174 904 lum
204 864 599 918 hemisphaericum,
637 877 708 904 aut
734 867 935 918 patellam
963 868 1175 917 referant,
1203 871 1358 922 margi-

86 942 210 980 nibus
261 927 483 995 aperturae
529 942 597 981 vel
647 946 770 981 rectis
817 954 889 982 aut
931 945 1115 982 tumidis.
1196 945 1357 984 Verme

88 1029 259 1057 mortuo
291 1030 487 1071 apertura
516 1019 651 1058 osculi
680 1030 851 1058 externa
880 1034 1009 1072 saepe
1038 1019 1162 1068 latet,
1209 1031 1256 1058 ut
1283 1035 1358 1072 pa·-

85 1094 231 1146 pillam
260 1096 328 1134 vel
355 1096 526 1148 planam
555 1095 623 1135 vel
651 1096 1018 1136 convexiusculam
1046 1095 1357 1148 (Lichenorum

88 1170 268 1210 scutellis
305 1186 394 1211 non
444 1171 702 1224 absimilem)
740 1174 995 1222 mentiatur,
1053 1175 1149 1211 vivo
1190 1184 1355 1218 autem,

85 1259 397 1300 nonnunquam
427 1251 554 1287 etiam
581 1261 681 1301 post
718 1260 927 1296 mortem,
987 1260 1185 1302 apertura
1224 1250 1358 1289 oculis

85 1322 154 1361 vel
181 1323 306 1375 nudis
337 1323 404 1362 vel
431 1323 547 1363 lente
578 1326 745 1363 armatis
773 1323 974 1362 facillime
1003 1327 1259 1375 conspicua,
1298 1327 1359 1365 di-

86 1396 242 1436 latatur
273 1398 638 1453 contrahiturque,
667 1413 958 1452 summamque
986 1400 1232 1440 Distomatis
1262 1404 1359 1454 pori

88 1473 403 1514 similitudinem
430 1476 589 1526 prodit.

166 1550 321 1588 Oscula
362 1551 475 1589 dicta
516 1551 668 1589 eadem
706 1564 754 1589 ac
792 1551 1005 1604 reliquum
1045 1565 1199 1603 corpus
1228 1562 1361 1591 mate-

86 1627 174 1674 ria,
221 1639 304 1663 nec
331 1626 444 1664 fibris
474 1625 735 1666 firmioribus
764 1627 833 1666 vel
860 1626 1192 1676 muscularibus,
1229 1641 1360 1679 poro-

88 1703 508 1740 .=·um‘suctoriorum
545 1717 690 1752 more,
735 1713 930 1742 constare
962 1703 1212 1742 Zederus
1252 1706 1360 1755 (Na-

86 1777 297 1831 turgesclL
339 1778 416 1816 der
452 1778 682 1832 Eingevvw.
710 1794 753 1832 p.
782 1783 897 1832 301.)
925 1791 1097 1829 monet,
1155 1780 1231 1819 sed
1267 1795 1359 1821 rem
1392 1827 1395 1832 ⁵

87 1853 170 1892 alio
203 1868 248 1892 se
277 1853 435 1893 habere
464 1855 597 1894 modo
628 1854 904 1907 deprehendi.
981 1854 1221 1895 Substantia
1250 1857 1360 1897 Tae-

84 1933 249 1969 niarum
287 1930 593 1983 plurimarum,
649 1933 841 1983 inprimis
885 1931 1165 1982 tenellarum,
1223 1947 1359 1987 aeque

84 2021 237 2059 parurn
279 2021 326 2045 ac
363 2009 651 2048 Distomatum
688 2010 904 2047 minorum
935 2010 1165 2047 examinari
1190 2021 1358 2062 potest,

85 2086 129 2122 in
176 2085 346 2122 Taenia
386 2094 527 2122 autem
569 2084 818 2137 pez-foliata
870 2086 991 2136 equi,
1045 2084 1357 2139 vulgatissima,

88 2159 232 2198 oscula
261 2174 311 2201 ex
339 2159 564 2201 ambiente
583 2162 728 2213 capitis
758 2159 864 2208 tela,
903 2160 1069 2212 septula
1097 2165 1217 2214 quasi
1229 2153 1358 2202 *inter

90 2236 239 2274 eadem
269 2236 507 2286 efficiente,
535 2236 736 2275 facillimo
765 2238 941 2291 negotio
973 2237 1249 2288 separabilia,
1280 2238 1359 2277 du-

86 2310 268 2349 riuscula
297 2321 339 2350 et
364 2315 480 2364 poris
507 2313 771 2362 musculosis,
799 2328 834 2352 v.
856 2327 888 2351 c.
911 2313 1255 2365 Amphistomatis
1286 2328 1358 2352 eo-

86 2389 196 2435 nici,
240 2386 449 2426 simillima
477 2391 630 2440 reperi.
692 2391 984 2431 Wernerus
1014 2389 1151 2441 (brev.
1182 2393 1358 2443 exposit.

87 2478 128 2515 p.
159 2468 220 2507 25.
251 2461 355 2503 Tab.
387 2461 416 2506 Ι.
454 2463 540 2517 Fig.
571 2468 698 2517 5-8.)
729 2465 874 2504 oscula
906 2468 1097 2505 Taem‘ae
1125 2467 1238 2504 Solii
1264 2469 1357 2519 pari
