1801 3066
1230 206 1309 254 449

43 313 185 344 vasata
215 304 412 343 citissime
440 301 568 339 morti
602 296 791 350 objiciet,
818 297 1020 352 idemque
1050 301 1104 341 de
1133 311 1309 346 tumori-

47 379 120 418 bus
149 382 272 417 variis
302 381 348 415 in
376 375 552 414 cerebro
584 373 768 421 obortis,
805 386 934 423 saepe
974 374 1048 412 sub
1078 382 1158 418 vita
1188 384 1307 423 nullo

45 454 180 493 modo
208 454 405 505 proditiS,
433 451 666 490 lentissime
693 453 839 502 itaque
868 451 997 486 auctis
1025 452 1147 492 valet.
1204 460 1309 498 Ver-

47 544 136 568 mes
166 527 390 582 hydatides
419 540 509 565 non
539 534 775 572 exstruunt,
815 523 893 561 sed
922 524 1001 562 hae
1028 526 1109 565 illis
1141 532 1309 574 demum

48 606 259 657 originem
286 603 518 656 praebent,
559 611 600 638 et
633 603 667 638 si
696 598 930 651 quaedam,
958 613 995 636 v.
1026 613 1060 638 c.
1095 605 1140 640 in
1170 612 1311 649 ovium

49 680 227 718 cerebro
258 678 424 726 obviae,
452 689 621 727 semper
645 676 866 713 materiam
895 678 1209 728 continentkex
1229 698 1312 735 qua

46 769 208 795 vermes
239 756 356 809 gigni
386 760 564 805 queant,
601 750 764 787 ichrco
792 763 882 787 non
908 751 1237 801 periculosiores
1266 760 1314 798 fi..

46 841 143 875 unt;
173 828 391 869 vermiculi
420 830 532 865 enim
560 829 605 863 in
632 825 786 863 iisdem
815 826 989 874 orituri,
1019 830 1217 871 arenulae
1245 836 1313 874 vel

49 905 235 944 aciculae
265 904 453 958 capitelli
477 901 816 955 magnitudinem
837 902 902 937 vix
930 914 1144 953 superant,
1176 918 1217 946 et
1235 923 1312 949 un-
1361 947 1365 949 μ

50 981 179 1020 cinuli
209 983 354 1033 capitis
386 992 590 1018 coronam
629 976 859 1015 efficientes
889 977 1162 1030 microscopii
1198 998 1314 1024 com-

47 1059 177 1108 positi
206 1066 367 1096 tantum
396 1069 480 1106 ope
503 1054 736 1103 conspicui,
764 1051 904 1089 lineae
922 1054 1314 1109 quinquagesimam

47 1132 116 1171 vel
146 1133 420 1170 centesimam
446 1139 612 1181 partem
633 1136 865 1181 aequantes
894 1137 1014 1166 motu
1042 1143 1118 1169 suo
1150 1137 1315 1176 cerebri

48 1206 219 1246 dolores
250 1209 431 1246 excitare
459 1217 602 1256 posse,
630 1206 698 1240 vix
727 1212 770 1240 et
796 1216 852 1241 ne
880 1206 947 1259 vix
975 1205 1149 1256 quidem
1178 1212 1313 1251 admi-

48 1286 187 1322 serim.
244 1282 426 1333 Quaevis
458 1282 569 1317 enim
607 1281 820 1331 sanguinis
858 1279 973 1316 unda
999 1282 1044 1318 in
1073 1287 1244 1324 arterias
1274 1299 1317 1327 et

51 1357 269 1396 arteriolas
301 1355 464 1394 cerebri
491 1359 667 1404 irruens,
703 1357 873 1407 quaevis
903 1354 1092 1405 ejusdem
1117 1357 1317 1401 fibrarum

50 1434 228 1470 mutatio
265 1434 445 1482 majores
489 1441 602 1468 certe
630 1440 768 1468 motus
797 1432 843 1467 in
873 1432 1027 1469 eodem
1058 1432 1234 1486 efficiet,
1275 1448 1316 1476 et

52 1507 215 1545 tantilla
234 1505 498 1557 corpuscula,
519 1507 779 1555 mollissima,
810 1506 1029 1545 cerebrum
1048 1507 1237 1559 laedere,
1263 1527 1316 1551 eo

50 1585 186 1620 minus
213 1582 497 1628 statuendum,
529 1595 622 1617 cum
650 1580 1009 1634 EchinorhynchI,
1038 1586 1156 1622 uncis
1186 1589 1318 1638 majo-

51 1658 165 1696 ribus
204 1658 420 1705 instructi,
468 1658 663 1694 intestina
699 1655 990 1707 perforantes,
1045 1656 1150 1697 haec
1195 1663 1315 1702 nullo

52 1725 185 1771 inodo
213 1732 399 1781 laedant,
429 1732 548 1783 quod
574 1734 620 1770 in
647 1731 763 1784 hujus
795 1734 898 1783 Cap.
929 1736 964 1782 ἕ.
989 1745 1021 1770 1.
1053 1734 1317 1792 demonstra-

55 1811 108 1846 vi.
163 1809 325 1860 Viginti
366 1816 548 1860 quatuor
585 1820 688 1860 ergo
731 1802 997 1845 hamulorum
1018 1805 1176 1860 inillia,
1209 1828 1318 1866 quae

56 1884 131 1922 Go
145 1885 285 1920 ezius
314 1881 600 1935 (Naturgesch.
620 1896 661 1933 P·
676 1883 781 1933 256.)
803 1881 997 1938 omnibus
1017 1879 1189 1925 vesicae
1204 1902 1318 1928 com-

55 1961 189 1997 munis
218 1958 454 1996 vermiculis
493 1958 637 1995 talium
674 1955 834 1995 corona
868 1959 1101 2010 instructis,
1141 1977 1317 2018 compu-

56 2037 147 2073 tatis
185 2043 422 2082 enumerat,
459 2047 549 2071 non
586 2032 817 2071 metuenda
855 2044 988 2073 exunt.
1057 2036 1152 2087 Ipse
1191 2043 1319 2080 etiam

55 2111 164 2159 loca,
193 2112 238 2147 in
268 2107 417 2161 quibus
448 2110 657 2156 Coenuri,
687 2121 762 2147 seu
789 2108 1012 2163 hydatides
1041 2113 1146 2151 istae
1176 2118 1318 2157 ovium

59 2185 291 2225 cerebrales
337 2184 539 2233 latebant,
584 2183 839 2223 ventriculos
875 2185 942 2223 vel
987 2186 1204 2239 laterales,
1250 2192 1319 2231 vel

58 2270 267 2313 quartum,
295 2260 584 2314 glaberrimos,
612 2273 694 2298 nec
721 2259 944 2314 hydatides
972 2264 1081 2313 ipsas
1108 2264 1231 2306 ullibi
1261 2268 1319 2305 af-

58 2337 154 2374 fixas
193 2338 356 2387 reperi,
398 2347 444 2374 ut
479 2335 714 2375 ventriculo
755 2347 904 2388 aperto
943 2338 1119 2376 eaedem
1155 2339 1318 2381 liberae

60 2411 319 2450 delabantur.
377 2412 598 2465 Quaedam
626 2415 757 2466 magis
785 2415 1018 2462 revinctae,
1056 2416 1318 2471 vasculisque

57 2489 239 2525 minimis
270 2500 365 2525 cum
390 2487 578 2539 partibus
608 2488 896 2541 adjacentibus
928 2491 1179 2542 conjunctae
1206 2503 1315 2546 sunt,

786 2565 845 2602 Fi·
