1801 3066
462 174 535 200 102

515 269 695 306 anticam
712 270 924 321 ‘uti-Inque
952 267 1259 308 filamentosam
1289 280 1404 317 esse,
1448 268 1562 307 collo
1592 270 1726 320 nullo,

515 347 654 393 capite
684 344 1045 396 quadriosculato,
1077 347 1242 394 inermi,
1273 344 1426 383 osculis
1457 348 1600 397 capitis
1628 361 1729 399 pro-

514 419 707 469 minulis,
738 421 978 472 perforatis.
1037 423 1205 460 Ovaria.
1251 423 1458 460 Taeniam
1485 420 1647 461 homini
1676 422 1728 461 ab

516 495 761 535 animalibus
792 498 947 536 inferri.

460 571 550 619 548.
581 573 835 624 Ejusdem
872 573 1101 614 Nouvelles
1145 571 1398 613 recherches
1428 588 1497 613 sur
1525 573 1566 614 la
1595 584 1728 613 struc-

515 659 606 687 ture
638 650 696 688 du
729 652 902 690 Taenia.
957 653 1027 690 In:
1056 652 1256 690 Rozier
1285 651 1405 688 Obss.
1437 650 1491 688 de
1519 650 1729 706 Physique

516 725 565 762 T.
596 726 667 763 IX.
698 741 738 777 p.
771 728 973 778 245-267.
1015 741 1109 767 cum
1137 727 1218 766 tab.
1250 741 1340 766 aen.
1370 726 1395 752 *k
1459 726 1731 767 Observatio-

515 814 591 839 nes
622 801 752 841 bonas
779 806 822 841 in
845 814 1023 843 tractatu
1046 803 1325 843 antecedente
1347 818 1367 842 a
1390 818 1434 842 se
1459 803 1620 844 oblatas
1639 808 1731 856 ipse

516 878 599 927 jam
628 882 803 929 spernit,
833 881 1019 918 Taeniae
1041 880 1150 919 latae
1175 891 1301 933 caput
1322 880 1464 919 fissum
1493 879 1681 933 (bouche
1709 875 1732 919 εὶ

519 953 628 991 deux
655 952 816 1009 levres)
855 955 1080 1011 fingend0;
1131 972 1174 996 se
1213 957 1314 996 olim
1350 958 1492 996 forsan
1535 959 1583 997 T.
1625 957 1730 998 Solii

517 1040 644 1080 caput
663 1031 896 1073 delineasse
908 1046 1139 1087 perperam
1160 1034 1288 1073 addit.
1301 1059 1352 1065 —
1368 1034 1557 1088 Utraque
1567 1036 1732 1074 Disser-

518 1109 620 1143 tatio
642 1109 756 1146 redit
777 1112 821 1147 in
839 1112 1048 1168 ejusdem:
1079 1112 1267 1151 Oeuvres
1290 1111 1509 1150 d'histoire
1524 1111 1732 1155 naturelle

519 1192 560 1219 et
600 1183 654 1222 de
692 1183 974 1238 Philosophie.
1030 1189 1078 1227 T.
1126 1190 1218 1229 1-3.
1261 1187 1498 1228 Neuchatel
1543 1203 1653 1242 1779.
1695 1195 1731 1242 4.

518 1259 566 1296 Τ.
597 1266 637 1308 4,
666 1266 702 1305 5.
737 1269 847 1314 1731.
876 1264 1040 1317 reliqua
1069 1273 1094 1311 5
1119 1265 1349 1304 Volumina
1378 1269 1615 1320 argumenti
1642 1266 1734 1319 phi-

516 1333 737 1385 Iosophici.
795 1341 917 1377 Prior
945 1341 1190 1377 Tractatus:
1230 1343 1278 1379 T.
1311 1354 1345 1378 2.
1382 1356 1422 1392 p.
1453 1343 1627 1392 65-134.
1656 1357 1737 1395 po-

518 1414 693 1449 sterior:
722 1415 770 1451 T.
800 1420 835 1458 5.
866 1413 908 1453 P.
944 1429 973 1452 1.
1002 1429 1042 1467 p.
1071 1421 1270 1465 178-212.
1309 1416 1559 1468 Ibidemque
1579 1429 1619 1468 p.
1642 1419 1736 1459 213-

519 1500 542 1523 2
564 1494 596 1531 5
635 1489 828 1530 additur:
884 1487 1167 1542 supplement
1204 1505 1284 1530 aux
1319 1491 1541 1531 nouvelles
1570 1492 1736 1535 recher-

521 1562 619 1604 ches
649 1579 720 1603 sur
747 1565 788 1603 la
817 1577 1024 1605 structure
1056 1567 1112 1604 du
1141 1568 1312 1606 Taenia.
1352 1568 1654 1622 Dryander.

597 1642 840 1679 Bonneti
887 1643 940 1681 de
981 1643 1150 1682 Taeniis
1197 1642 1513 1685 observationes
1554 1644 1738 1685 redeunt

519 1721 645 1756 etiam
674 1721 717 1756 in
745 1717 898 1757 librum
925 1721 1247 1772 insequentem,
1294 1721 1495 1759 Goezii
1523 1733 1622 1757 cura
1651 1733 1737 1758 ma-

517 1798 738 1846 ximopere
768 1806 961 1833 auctum:
999 1795 1344 1849 Abhandlungen
1376 1809 1446 1833 aus
1487 1795 1565 1833 der
1592 1785 1737 1839 Insek-

519 1869 682 1925 tologie
713 1886 799 1910 von
827 1873 1043 1911 Bonnet
1069 1872 1157 1910 und
1186 1873 1347 1911 andern
1366 1869 1735 1911 Naturforschern.

519 1948 567 1986 A.
592 1949 630 1986 d.
653 1948 797 1986 Franz.
830 1952 907 1986 mit
937 1952 1107 2004 einigen
1128 1950 1338 1987 Zusfttzen
1357 1961 1443 1987 von
1468 1946 1581 1987 Joh.
1610 1948 1734 2002 Aug.

518 2023 629 2076 Eph
645 2039 675 2061 r.
718 2027 916 2064 Gocze.
965 2025 1089 2065 Halle
1124 2034 1235 2077 1775.
1274 2031 1311 2071 8.
1352 2025 1407 2063 de
1445 2022 1655 2067 vermibus
1694 2038 1735 2078 p.

524 2116 539 2139 1
556 2117 607 2155 -9
624 2119 646 2140 r.
676 2104 826 2156 agitur.
1495 2082 1511 2101 ⁶

466 2179 555 2231 549.
585 2179 757 2217 Einan.
785 2180 964 2232 Konig
994 2178 1092 2217 Obs.
1117 2179 1169 2219 de
1201 2192 1278 2216 ore
1302 2188 1342 2218 et
1362 2175 1619 2229 proboscide
1643 2189 1736 2215 ver-

520 2257 652 2293 mium
692 2255 1062 2295 cucurbitinorum.
1131 2255 1182 2293 In
1219 2256 1306 2293 Act.
1347 2253 1512 2293 Helvet.
1562 2252 1658 2291 Vol.
1702 2263 1732 2290 12

521 2331 667 2382 (Basil.
702 2337 815 2384 1751.
844 2334 906 2386 4.)
936 2345 977 2383 p.
1007 2341 1163 2382 27·32.
1184 2331 1210 2355 ³*
1256 2332 1317 2370 Ex
1345 2329 1439 2370 solii
1464 2329 1735 2370 articulorum

522 2407 800 2449 foraminibus
836 2406 1137 2461 marginalibus
1177 2406 1246 2446 fila
1292 2406 1564 2459 (lemniscos)
1602 2407 1734 2445 emitti

521 2482 766 2536 retrahique
795 2485 921 2533 vidit,
960 2498 1070 2537 quae
1098 2497 1178 2536 pro
1208 2482 1533 2535 proboscidihus
1572 2475 1733 2529 vendit,
