1801 3066
449 166 502 207 52

501 267 634 307 mium
671 264 864 306 omnibus
894 262 1085 317 c'orporis
1114 261 1288 304 humani
1315 265 1421 304 locis
1455 267 1724 308 abnuetori-

502 344 580 383 bus
610 353 906 397 repertorum,
934 341 1029 379 ficta
1058 350 1199 379 tamen
1225 341 1410 393 plurima
1440 343 1722 385 admittendo.

454 425 541 472 144.
572 421 681 460 Diss.
710 420 765 459 de
792 417 1004 458 vermibus
1033 419 1078 455 in
1103 419 1247 469 primis
1276 421 1374 468 viis,
1402 433 1540 471 praes.
1587 420 1723 459 Paul

506 496 710 537 Gottfr.
741 496 808 547 Sp
826 494 1038 548 erling,
1077 507 1187 546 resp.
1215 495 1288 532 Jo.
1329 493 1446 533 Chr.
1475 494 1720 535 Bothius.

503 572 684 612 Vitemb.
720 585 830 622 1700.
860 578 886 617 3
913 571 1057 624 plagg.
1087 574 1124 620 4.
1152 570 1178 596 ’Κ
1204 570 1369 609 Nullius
1397 575 1616 611 momenti.

453 655 540 703 145.
569 650 640 688 Io.
669 646 1022 701 Phil.Eyse1,
1065 661 1176 699 resp.
1217 646 1393 687 Carol.
1433 645 1549 686 Chr.
1577 648 1722 688 Feil-

504 743 523 767 s
538 725 597 766 ch
614 741 681 774 er,
708 727 818 765 Diss.
840 724 892 762 de
910 722 1134 762 vermibus.
1156 723 1325 761 Erford.
1360 728 1470 775 1704.
1501 724 1562 763 26.
1584 739 1625 777 p.
1644 729 1682 776 4.
1697 725 1721 750 ⁴¹

501 804 619 842 Ficta
672 812 714 840 et
758 803 863 839 trita.
917 802 974 851 (B
989 799 1211 839 oehmer
1248 814 1479 852 perperam
1518 799 1723 839 Feilclcaer

505 880 685 931 scribit.)
708 887 713 891 '

453 957 541 1008 146.
572 955 687 997 Chr.
716 954 916 995 Riedel
953 955 1061 992 Diss.
1092 952 1145 992 tle
1172 951 1383 992 vermibus
1411 955 1718 992 intestinorum.

502 1034 613 1084 Traj.
645 1032 701 1071 ad
727 1030 860 1071 Rhen.
898 1035 1006 1083 1705.
1035 1029 1090 1082 pl.
1123 1044 1158 1068 2.
1187 1029 1424 1068 Heffter.

452 1114 540 1162 147.
569 1111 677 1148 Diss.
709 1108 764 1148 de
801 1106 1060 1154 Lumbricis,
1101 1119 1240 1157 praes.
1279 1106 1385 1142 Jac.
1416 1104 1721 1152 Finkenau‚
1754 1136 1756 1138 ,

502 1201 611 1238 resp.
635 1182 792 1223 Mich.
816 1184 1072 1235 Burgero.
1102 1182 1293 1236 Regioni.
1328 1180 1439 1234 1706.
1467 1179 1523 1232 pl.
1551 1183 1596 1230 ιὲ
1620 1182 1664 1218 111
1682 1184 1719 1230 4.

511 1263 537 1288 ·’‘
561 1261 710 1300 Obiter
742 1262 908 1310 scripta.

454 1342 540 1388 148.
567 1338 679 1375 Diss.
709 1336 763 1373 de
795 1334 1021 1382 vermibus,
1049 1348 1186 1385 praes.
1215 1335 1332 1372 Ern.
1363 1333 1722 1372 Henr.Wede-

500 1412 598 1460 lio,
635 1423 745 1462 resp.
785 1408 970 1446 Franc.
1000 1407 1174 1446 Balth.
1213 1421 1319 1446 von
1346 1408 1605 1446 Lindern.
1633 1408 1719 1447 Ien.

506 1501 623 1540 1707.
659 1501 701 1538 p.
730 1491 793 1530 52.
823 1489 860 1534 4.
891 1485 916 1509 '‘
966 1485 1107 1535 (1724.
1140 1497 1251 1535 resp.
1283 1482 1500 1522 Lindner.
1555 1465 1726 1523 Boe.h-·x

500 1577 611 1602 mer
636 1562 902 1613 perperam.)
931 1557 1096 1598 Nullius
1125 1562 1343 1598 momenti.

452 1644 539 1691 149.
567 1639 639 1675 J0.
680 1635 894 1675 Tauber
930 1635 1049 1686 Disp.
1078 1636 1218 1688 inaug.
1250 1634 1303 1672 de
1331 1633 1576 1674 Lumbricis.
1597 1636 1644 1674 L.
1673 1636 1718 1674 B..

506 1719 618 1766 1714.
645 1727 686 1766 p.
721 1727 779 1751 10.
806 1717 842 1763 4.
879 1709 1185 1764 Dryander.

452 1796 540 1837 150.
570 1787 782 1830 Daniel.
819 1787 1029 1826 Clerici
1064 1787 1252 1824 Historia
1284 1786 1484 1824 naturalis
1516 1797 1559 1824 et
1584 1787 1718 1827 medi*-

503 1882 553 1907 ca
579 1866 765 1906 latorum
790 1863 1115 1903 Lumbricorum
1156 1864 1269 1900 intra
1309 1861 1530 1901 hominum
1568 1874 1610 1902 et
1638 1862 1719 1902 alia

503 1941 702 1982 animalia
739 1942 999 1980 nascentium
1030 1954 1079 1978 ex
1106 1940 1231 1977 variis
1269 1939 1510 1978 auctoribus
1545 1922 1586 1978 et
1611 1954 1716 1992 pro-

503 2022 608 2073 priis
638 2016 1013 2057 observationibus.
1057 2016 1267 2063 Accessit,
1296 2013 1450 2054 horum
1480 2017 1716 2072 occasione,

505 2095 562 2135 de
602 2095 751 2134 ceteris
790 2106 964 2147 quoque
1000 2090 1220 2129 hominum
1257 2090 1495 2140 vermibus,
1546 2103 1635 2131 tum
1663 2093 1718 2132 de

502 2173 697 2218 >omnium
726 2172 916 2224 origine,
966 2168 1224 2220 tandemque
1255 2166 1309 2205 de
1336 2168 1533 2206 remediis
1563 2150 1715 2221 quibus

503 2247 610 2300 pelli
658 2249 850 2299 possint,
917 2245 1162 2297 disquisitio.
1241 2243 1349 2282 Cum
1403 2246 1526 2283 variis
1573 2243 1736 2296 figuris>

505 2323 640 2375 (tabb.
670 2323 804 2376 XIV.)
844 2322 1043 2361 Genevae
1076 2324 1186 2372 1715.
1215 2319 1304 2370 456.
1333 2333 1374 2370 p.
1403 2323 1440 2370 4.
1469 2320 1494 2345 ἦ(
1575 2318 1714 2358 Aliam

506 2401 742 2439 editionem
778 2400 917 2450 (1718.
946 2401 1004 2448 4.)
1034 2395 1161 2435 habet
1187 2395 1440 2444 Modeer,
1487 2396 1563 2434 sed
1596 2394 1713 2433 unde

505 2477 755 2516 desumserit
780 2478 959 2530 ignoro,
987 2475 1181 2525 nuspiam
1208 2472 1317 2519 vidi,
1345 2485 1426 2511 nec
1454 2471 1506 2510 ab
1535 2471 1622 2510 aliis
1650 2473 1713 2508 in-
