1801 3066
1292 193 1370 240 527

43 323 66 332 Α.
114 310 197 350 que
226 294 394 334 modice
419 303 618 341 utuntur,
663 305 764 341 ova,
808 294 841 330 si
870 306 977 344 quae
1005 292 1151 345 illapsa
1177 295 1283 343 sint,
1310 293 1371 332 fa-

115 372 193 411 cile
224 373 486 423 dejiciantur,
513 369 742 422 larvaeque
769 369 907 405 minus
937 368 1045 407 bene
1074 370 1219 408 sedem
1241 369 1370 424 figant

113 461 194 487 nec
223 455 536 485 conserventur.

191 525 245 562 D.
304 523 434 561 Cura.
488 521 649 560 Insecta
688 520 854 563 auribus
890 518 1038 570 illapsa
1076 521 1368 571 injectionibus

61 588 67 590 Ὗ
116 598 295 647 blandis,
325 601 449 649 saepe
478 599 678 649 repetitis,
710 596 915 644 eluantur,
946 594 1096 648 quibus
1126 597 1370 636 frustraneis

118 674 327 727 sulphuris
367 675 528 712 accensi
567 686 699 724 vapor
738 672 873 710 tubuli
903 685 984 723 ope
1023 674 1188 709 immitti
1216 685 1372 724 posset,

119 766 204 805 quo
235 749 435 790 suffocata
460 748 583 786 facile
603 748 893 797 injectionibus
919 748 1085 786 cedent.
1130 749 1178 786 ln
1200 749 1371 787 naribus

120 827 373 878 sinubusque
400 823 650 862 frontalibus
681 823 896 862 haerentia
925 825 1149 875 vaporibus
1173 825 1372 863 tabacinis

119 905 308 941 immissis
337 900 403 940 vel
430 903 669 938 nicotianae
701 901 879 938 decocto
908 903 1061 951 inJ'ecto
1083 901 1374 953 depelluntur:

120 991 296 1030 utraque
338 974 561 1014 methodus
603 978 922 1031 conjungenda,
970 977 1194 1029 eidemque
1231 976 1375 1016 inhae-

119 1049 299 1093 rendum
329 1059 404 1093 eSt.
526 1083 534 1098 .

199 1129 342 1166 Larvis
371 1128 438 1167 vel
466 1130 632 1166 insectis
649 1128 848 1178 perfectis
869 1127 1148 1167 ventriculum
1167 1142 1377 1181 occupan-

99 1204 230 1254 —tibus
278 1201 633 1241 antihelminthica
674 1202 861 1256 vulgaria
895 1204 1051 1242 frustra
1089 1217 1377 1256 opponuntur.

121 1280 171 1319 In
199 1267 296 1318 casu
326 1293 348 1316 a
377 1278 452 1316 cel.
482 1277 642 1317 Acrel
672 1277 815 1315 obiato
844 1281 1195 1320 medicamentum
1225 1297 1274 1320 ex
1293 1282 1378 1322 olei

122 1356 198 1394 lini
225 1356 419 1395 recentis
441 1340 581 1392 unciis.
601 1364 804 1407 quatuor,
849 1355 931 1393 olei
970 1356 1275 1397 terebinthinae
1302 1374 1378 1397 un-

125 1436 187 1472 cia
225 1433 348 1470 semis
389 1439 429 1468 et
457 1420 588 1467 mellis
628 1432 750 1468 uncia
785 1445 870 1470 una
910 1437 1216 1485 compositum,
1263 1439 1377 1485 cujus

125 1506 320 1546 cochlear
348 1516 495 1558 quater
525 1506 577 1544 de
608 1506 676 1544 die
704 1508 953 1546 sumendum
977 1513 1256 1561 praescripsit,
1287 1525 1377 1549 om-

123 1584 244 1622 nibus
272 1581 444 1634 reliquis
472 1584 677 1619 incassum
698 1587 949 1635 propinatis,
979 1598 1105 1636 opem
1125 1587 1231 1628 tulit.
1280 1587 1378 1626 Ole-

124 1674 196 1697 um
225 1656 490 1697 Chabert‘i
516 1658 666 1696 itidem
694 1673 966 1713 summopere
995 1664 1376 1702 commendandum

124 1734 248 1773 foret.

202 1807 426 1845 Abscessus
454 1796 648 1846 ulcerave
675 1810 882 1854 munditie
912 1811 1096 1851 adhibita
1119 1812 1170 1851 ab
1199 1816 1378 1856 insecto-

126 1897 222 1923 rum
250 1883 372 1921 larvis
401 1886 556 1928 arceri,
583 1898 672 1923 non
701 1897 780 1936 est,
817 1889 934 1940 quod
960 1903 1168 1929 moneam.
