1801 3066
109 112 123 130 Χ

1253 164 1327 213 287

69 272 112 301 et
140 259 434 299 crassiusculae
461 259 619 305 forma,
647 259 692 295 in
718 254 901 296 maribus
930 258 1097 309 spirali,
1134 263 1180 300 in
1207 261 1326 301 femi-

64 341 129 380 :nis
159 348 298 385 recta,
336 327 477 374 sexum
506 333 663 385 prodit.
813 336 816 337 ⁷
1292 355 1300 369 a·

145 415 297 452 suares
322 414 364 449 in
393 411 552 448 caudae
583 413 700 462 apice
730 408 1101 449 canaliculum'vel
1121 412 1325 453 linearem

67 490 133 530 vel
175 489 447 543 pyriformem
487 489 596 525 ostio
639 487 834 526 distincto
877 484 1082 535 hiantem,
1132 492 1327 529 emissum

67 576 243 621 gerunt,
288 578 335 603 cx
364 577 449 616 quo
479 562 608 618 stylus
646 573 783 601 rectus
823 563 987 614 (penis)
1016 564 1230 602 interdum
1261 581 1326 604 ex·-

66 646 242 690 seritur,
291 644 335 679 in
374 640 585 679 nonnullis
623 638 840 690 speciebus
879 637 980 676 mihi
1017 641 1135 678 visus.
1216 640 1327 681 Vasa

65 720 313 768 spermatica
343 720 450 754 circa
480 715 624 754 tubum
653 715 932 755 intestinalem
959 719 1003 755 in
1020 726 1153 768 *parte
1173 720 1325 757 vermis

66 796 258 832 crassiori
287 803 490 831 contorta.
544 840 551 849 ι
969 844 971 847 ¹

144 870 436 909 Femellamm
466 872 608 908 ovaria
635 869 783 908 itidem
813 868 961 907 eadem
984 871 1027 906 in
1049 880 1169 919 parte
1193 873 1326 922 potis-

67 949 215 985 simum
243 947 484 996 conspicua,
516 948 624 985 circa
653 947 895 984 intestinum
926 945 1167 994 convoluta,
1196 961 1325 999 saepe

66 1021 388 1069 moniliformffl,
430 1033 471 1060 et
498 1024 694 1060 intestino
733 1036 827 1060 cum
858 1023 1009 1075 vagina
1037 1022 1181 1061 cloaca
1211 1038 1325 1062 com-

0 1123 7 1126 -
64 1101 201 1137 munis
240 1112 437 1136 concessa
464 1100 643 1137 videtur.
709 1097 870 1146 Ovula,
915 1098 1054 1150 qualia
1085 1100 1325 1139 Goezius

67 1175 194 1227 (Tab.
226 1174 294 1215 VI.
330 1175 418 1229 Fig.
456 1178 517 1227 7.)
554 1177 598 1213 in
633 1176 737 1226 Apri
774 1172 1114 1226 Trichocephalo
1152 1181 1324 1229 reperit,

68 1251 249 1303 elliptica
283 1260 467 1303 utroque
504 1265 607 1290 vero
648 1254 692 1289 in
736 1254 855 1302 apice
891 1251 1058 1290 nodulo
1089 1256 1325 1291 accessorio

66 1329 260 1380 insignia,
289 1329 378 1378 ipse
408 1330 450 1364 in
477 1326 636 1378 leporis
664 1326 1011 1381 Trichoxoepluzlo
1036 1329 1325 1377 angnia-alato

66 1401 168 1441 mihi
198 1403 310 1441 dicto
341 1405 501 1454 reperi;
548 1404 592 1439 in
620 1400 792 1454 reliquis
826 1401 894 1442 vel
924 1401 1108 1454 elliptica
1136 1402 1203 1442 vel
1230 1403 1325 1441 sub-

51 1478 247 1534 ·globosa
273 1489 383 1519 sunt.
939 1532 942 1535 .

147 1554 486 1606 Triclcocephali
514 1553 716 1590 eminati
741 1565 839 1604 pars
869 1555 1031 1604 postica
1054 1567 1222 1605 semper
1244 1558 1325 1607 spi-

67 1629 175 1668 ralis.
231 1630 278 1668 ln
308 1630 355 1668 cl.
385 1629 568 1668 Pallas
598 1633 723 1667 icone
752 1627 874 1680 (Bibl.
907 1642 949 1669 n.
979 1632 1090 1681 247.)
1119 1630 1325 1682 spiculum

65 1720 205 1759 prope
244 1706 421 1745 caudam
462 1705 636 1757 simplex
674 1705 942 1758 depingitur,
994 1704 1117 1758 quale
1154 1709 1199 1744 in
1226 1721 1323 1746 meo

67 1782 215 1824 saltem
245 1783 508 1821 desideratur
536 1784 788 1834 specimine,
823 1795 983 1820 marem
1011 1784 1153 1834 itaque
1181 1783 1325 1833 fuisse,

67 1873 193 1912 quem
223 1858 271 1897 cl.
300 1861 362 1898 vir
392 1858 605 1908 obtulerit,
635 1873 686 1898 eo
714 1861 846 1911 magis
877 1857 1081 1896 credendi
1110 1858 1233 1897 datur
1260 1859 1325 1898 lo-

69 1949 163 1983 cus,
207 1950 301 1974 cum
339 1937 382 1972 in
425 1935 562 1974 Trica.
605 1935 894 1987 zmgnioulaco
933 1934 1138 1985 spiculum
1178 1936 1324 1975 itidem

69 2011 243 2064 simplex
271 2011 445 2063 (absque
475 2010 723 2063 canaliculo)
754 2020 795 2050 et
821 2011 1112 2064 longissimum
1133 2012 1323 2060 viderim,

68 2089 112 2125 in
141 2087 258 2140 quod
290 2104 356 2126 vas
379 2091 674 2139 spermaticum
697 2087 865 2126 abierat.
904 2089 951 2126 In
976 2088 1323 2140 Trz'clcoceplcalo

70 2166 158 2202 ovis
199 2175 240 2203 et
274 2164 392 2203 bovis
432 2164 578 2212 adfini
614 2162 715 2201 mihi
744 2164 856 2208 dicto
887 2164 1068 2218 genitale
1098 2163 1326 2202 masculum

67 2244 110 2278 in
137 2251 258 2291 parte
287 2241 428 2293 spirali
454 2256 669 2294 nunquam
699 2251 905 2280 exsertum
934 2241 1031 2280 vidi.
1099 2241 1327 2279 Dielwce-

65 2316 192 2365 plcali
220 2319 390 2356 tandem
410 2320 667 2363 tenuissimi,
699 2321 744 2358 in
771 2319 906 2372 Strige
928 2316 1103 2356 Bubone
1128 2332 1150 2356 a
1171 2328 1327 2356 memet

71 2392 248 2441 detecti,
276 2396 400 2432 maris
430 2405 639 2436 structura
667 2405 853 2435 ceterum
881 2394 969 2432 fere
1000 2393 1148 2432 eadem
1178 2407 1224 2432 ac
1252 2392 1327 2432 hu-

69 2472 180 2507 mani
192 2499 205 2517 ,
243 2470 318 2507 secl
354 2484 452 2522 pars
491 2475 666 2512 crassior
702 2471 865 2525 spiralis
899 2484 989 2509 non
1017 2481 1090 2510 est.
1146 2470 1326 2524 Capilla-

1010 2626 1022 2642 ἱ
