1801 3066
417 175 495 217 582

471 275 589 326 Haee
611 281 720 321 sunt,
751 285 858 326 quae
877 285 959 323 pro
983 270 1204 310 ovulorum
1226 273 1270 308 in
1284 270 1532 311 ‘animalibus
1550 273 1686 318 exelu-

420 354 539 390 sione
559 349 830 388 defendenda
845 350 924 387 Vir
945 346 1242 385 celeberrimus
1265 346 1465 396 attulerit,
1487 360 1565 386 nec
1582 347 1685 388 alius

420 430 642 482 quisquam
667 428 865 479 graviora
895 424 1032 470 dedit,
1077 431 1149 459 aut
1176 436 1288 463 nova
1319 423 1504 473 addidit,
1542 426 1588 463 in
1623 422 1684 462 his

420 514 562 542 autem
599 501 830 540 refutandis
870 513 1026 553 magno
1066 511 1156 535 non
1194 511 1301 549 opus
1332 509 1393 538 est
1419 499 1579 539 labore.

500 581 687 618 Primum
731 579 842 616 enim
885 577 1003 629 quod
1050 576 1217 621 attinet,
1269 572 1461 614 homines
1512 576 1687 615 ultimae

421 659 544 696 sortis
574 657 618 693 in
654 653 828 691 urbibus
857 653 1203 705 frequentissimis
1246 664 1374 702 saepe
1410 654 1591 703 penuria
1617 646 1700 692 ves

418 742 561 780 xatos,
617 730 717 768 cibis
766 727 984 767 villoribus
1035 738 1076 767 et
1123 741 1231 780 aqua
1281 726 1394 776 sola,
1451 728 1688 782 eademque

419 821 509 850 non
546 819 644 844 raro
683 804 818 843 malae
846 814 974 843 notae
1003 807 1131 843 vitam
1171 814 1469 854 sustentantes,
1496 790 1688 858 „disposi-

421 887 582 922 tionem
626 884 909 923 verminosam
949 882 1154 929 nancisci,
1197 894 1286 919 non
1327 883 1515 928 mireri33
1578 896 1687 935 quae

422 968 600 998 tractum
630 959 740 996 enim
769 956 1049 995 intestinalem
1079 967 1120 996 et
1149 946 1430 1010 digestionem
1454 957 1686 1008 debilitant,

422 1037 534 1073 muci
557 1037 722 1086 copiam
745 1034 970 1087 adaugent,
991 1035 1198 1073 vermium
1221 1036 1344 1071 etiam
1371 1037 1514 1088 genesi
1531 1034 1688 1082 favent,
1729 1035 1733 1038 ”

420 1122 468 1150 ut
495 1114 538 1149 in
567 1109 837 1162 sequentibus
869 1121 1099 1161 exponam,
1138 1109 1238 1148 inde
1277 1120 1417 1148 autem
1444 1109 1554 1148 nihil
1577 1113 1689 1149 circa

420 1188 627 1225 vermium
657 1191 783 1224 ovula
812 1185 1002 1224 efficitur.
1057 1185 1222 1223 Eodem
1251 1188 1343 1237 pari
1370 1187 1502 1225 modo
1533 1189 1689 1224 anima-

423 1262 479 1301 lia
511 1261 722 1301 debiliora
749 1261 948 1299 facillime
985 1263 1032 1298 iis
1060 1260 1280 1309 laborant,
1320 1262 1437 1312 quod
1474 1265 1518 1299 in
1555 1265 1689 1301 omnis

423 1340 590 1393 generis
619 1337 744 1390 pullis
777 1347 817 1376 et
844 1339 887 1374 in
917 1335 1164 1375 animalibus
1188 1338 1426 1375 domesticis
1445 1336 1591 1375 videre
1614 1347 1689 1387 est,

412 1429 501 1455 -nec
538 1427 647 1467 quae
686 1412 759 1452 cel.
789 1416 852 1452 vir
883 1413 936 1452 de
976 1413 1194 1452 ordinibus
1235 1412 1476 1452 animalium
1517 1413 1689 1452 diversis

421 1494 628 1530 vermium
655 1492 696 1528 vi
722 1492 872 1542 majori
908 1492 1116 1529 minorive
1154 1489 1345 1528 obnoxiis
1374 1490 1529 1540 refert,
1576 1498 1690 1530 certa

423 1579 464 1608 et
490 1566 727 1605 indubitata
755 1564 952 1604 habenda
980 1575 1088 1603 sunt.
1144 1565 1271 1604 Feras
1301 1569 1567 1617 potissimum
1595 1579 1691 1604 ver-

364 1657 367 1659 *
421 1646 603 1683 ruinosas
654 1656 744 1681 esse
799 1655 1017 1694 nunquam
1063 1641 1340 1691 crediderim,
1396 1642 1473 1681 sed
1519 1640 1690 1680 easdem

423 1722 627 1761 Goezio
659 1731 832 1772 quoque
861 1727 968 1755 teste
998 1717 1298 1771 (Naturgesch.
1329 1732 1368 1769 p.
1401 1720 1492 1769 55.)
1534 1719 1690 1768 saepis-

422 1799 526 1836 sime
557 1793 770 1834 vermibus
799 1793 950 1832 liberas
979 1796 1240 1845 reperimus,
1269 1803 1316 1831 ut
1345 1793 1394 1832 cl.
1423 1792 1603 1831 Pallas
1634 1792 1690 1831 de
1731 1838 1737 1842 N

425 1886 526 1912 cane
568 1881 609 1909 et
636 1869 721 1909 fele
760 1869 1031 1908 solummodo
1075 1869 1194 1921 loqui
1241 1871 1570 1917 autumaverim,
1617 1871 1689 1922 qui

425 1960 564 1988 autem
594 1949 814 1986 domestici
840 1946 939 1985 facti
967 1961 990 1985 a
1018 1945 1190 1998 reliquis
1220 1945 1323 1983 feris
1342 1930 1483 1983 liberis
1505 1958 1691 1984 summo-

422 2039 527 2078 pere
558 2025 721 2063 distant.
774 2023 889 2061 Inter
927 2023 1051 2076 glires
1083 2025 1195 2061 enim
1221 2021 1390 2072 lepores
1420 2021 1568 2060 saltem
1595 2035 1690 2060 ver-

423 2101 560 2140 mibus
591 2113 725 2152 aeque
766 2108 808 2137 et
835 2102 965 2152 magis
1001 2099 1148 2138 forsan
1175 2092 1303 2151 quam
1330 2098 1561 2147 mustelae,
1599 2096 1692 2136 vul-

424 2192 500 2231 pes
531 2186 572 2215 et
597 2176 756 2225 lutrae,
796 2175 970 2214 obnoxii
996 2185 1115 2223 sunt,
1159 2176 1289 2226 inque
1317 2173 1504 2212 muribus
1536 2184 1577 2212 et
1604 2183 1690 2212 rat·

425 2256 476 2292 tis
517 2255 779 2306 Cystieercus
816 2247 976 2302 hepatis
1014 2249 1243 2288 fasciolaris
1273 2249 1580 2303 vulgatissimus
1612 2259 1687 2298 est,

425 2342 639 2382 saepeque
676 2327 922 2376 Ascarides,
978 2325 1165 2365 Taeniae
1206 2325 1371 2378 aliaque
1405 2325 1685 2377 reperirintur.

424 2406 694 2444 Ruminantia
730 2403 937 2444 vermibus
974 2405 1152 2441 maxime
1189 2413 1231 2440 et
1270 2416 1372 2453 prae
1413 2404 1561 2441 ceteris
1597 2401 1688 2440 fere

424 2468 645 2530 laborant,
689 2478 736 2519 cl,
777 2482 839 2519 vir
866 2478 1019 2518 horum
1059 2489 1199 2517 autem
1225 2479 1432 2530 plurimos
1462 2479 1687 2532 ignoravit,
