1801 3066
0 257 16 278 ,
1219 212 1299 259 405

37 310 271 350 debellasse
299 310 486 355 mireris,
516 304 635 358 quod
664 303 838 356 quidem
865 311 996 360 magis
1026 310 1204 351 arduum
1231 314 1297 353 fu-

33 390 143 426 isset.
198 387 525 430 Recentiorum,
570 383 642 433 qui
671 383 993 434 generationem
1022 391 1294 438 aequivocam

0 461 267 517 *generatim
297 458 591 504 defenderint,
646 455 1041 507 Needhamum,
1096 464 1296 508 Buffo÷

32 542 174 578 nium
214 547 255 575 et
283 537 474 587 inprimis
510 535 791 572 Patrinum
828 536 1068 573 nominasse
1098 538 1294 588 sufficiam

32 615 246 665 speciatim
296 622 461 658 autem,
518 611 589 662 qui
638 611 759 647 istam
809 610 863 647 ad
906 610 1099 651 Entozoa
1141 616 1296 655 iterum

31 687 239 727 theoriam
277 687 549 739 applicuerit,
605 685 652 723 cl.
699 686 899 741 Jaeger
944 687 1072 738 (Bibl.
1111 703 1151 728 n.
1180 693 1294 744 533.)

30 765 314 804 nominandus
344 773 428 811 est,
456 775 555 800 nam
585 760 820 801 dubitando
849 762 950 802 licet
977 765 1159 816 incedat,
1189 768 1295 806 mul-

32 852 72 880 ta
103 852 242 880 tamen
272 851 419 880 contra
447 849 608 877 suetam
649 838 703 876 de
732 842 936 877 vermium
965 844 1131 894 origine
1159 842 1295 898 hypo-

31 917 167 956 thesin
197 922 367 971 egregie
395 915 596 967 protulit,
641 926 682 953 et
711 917 744 952 si
774 927 859 967 quo
890 918 1102 967 scripserit
1130 929 1296 972 tempo-

30 1009 78 1033 re
117 999 311 1047 (1775),
359 1002 603 1044 argumenta
634 991 773 1028 eidem
802 992 1070 1042 suppeditata
1104 994 1294 1046 fuissent,

30 1085 138 1124 quae
176 1084 289 1109 nunc
325 1068 448 1107 facile
483 1067 717 1115 habentur,
765 1081 856 1104 rem
887 1078 999 1105 certe
1031 1069 1295 1111 confecisset.

28 1147 121 1199 Ipse
161 1157 440 1185 entozoorum
477 1146 653 1198 genesin
691 1156 781 1180 non
809 1145 888 1180 nisi
917 1148 1196 1197 generatione
1227 1162 1295 1187 ae-

29 1226 207 1276 quivoca
247 1210 423 1260 admissa
454 1220 652 1271 explicari
678 1232 830 1270 posse,
878 1218 1134 1273 argumentis
1170 1225 1294 1263 variis

28 1300 212 1352 probare
252 1301 417 1336 annisus
457 1311 547 1334 sum
587 1295 864 1346 (Wiedem.
902 1294 1069 1335 Archiv.
1105 1299 1153 1337 II.
1181 1301 1225 1338 B.
1260 1315 1291 1338 1.

29 1377 80 1413 H.
110 1390 149 1426 p.
179 1375 240 1420 56.
272 1384 313 1412 et
341 1375 480 1425 seq.),
524 1385 633 1423 quae
660 1371 854 1408 nondum
882 1370 1063 1411 refutata
1092 1384 1209 1424 sunt,
1252 1386 1294 1415 et

29 1454 95 1489 vix
121 1451 298 1489 refutari
325 1457 528 1499 possunt,
569 1462 591 1485 a
620 1447 668 1485 cl„
699 1458 839 1486 tamen
867 1448 1075 1499 Zeder,
1119 1451 1172 1489 de
1200 1466 1294 1490 ver-

28 1531 157 1566 mium
189 1536 306 1572 ortu,
346 1539 368 1562 a
397 1526 520 1562 variis
548 1527 663 1562 varie
694 1526 909 1575 exposito,
950 1525 1137 1577 agendo,
1167 1526 1292 1565 silen-

28 1606 88 1643 tio
117 1615 264 1654 pressa
303 1610 409 1638 sunt.
484 1599 762 1636 Postmodum
793 1600 976 1637 eundem
1005 1604 1291 1652 generationis

26 1680 204 1719 'modum
243 1678 316 1729 qui
356 1675 623 1724 admiserint,
679 1675 755 1713 cel.
800 1675 1008 1714 Gottfr.
1046 1676 1292 1717 Reihold

2 1755 366 1795 *Ti-eviranus
408 1751 639 1804 (Biologie.
679 1751 776 1805 Vol.
805 1751 853 1791 II.
882 1767 922 1804 p.
952 1754 1042 1798 565.
1080 1763 1121 1792 et
1148 1758 1292 1807 sequ.)

30 1841 72 1870 et
109 1829 158 1868 cl.
197 1829 295 1865 Bra
311 1840 373 1864 un
415 1817 543 1876 (Bibl.
582 1837 714 1865 nostr.
756 1842 797 1886 n.
838 1832 952 1880 555.)
985 1844 1076 1867 rem
1104 1831 1292 1869 mascule

30 1915 220 1961 egerunt.
289 1903 445 1941 Laudis
476 1905 567 1954 ipse
597 1913 821 1954 tantopere
850 1904 1027 1954 cupidus
1060 1919 1156 1946 ¹non
1185 1921 1290 1954 sum,

28 1994 76 2022 ut
104 1982 354 2020 sententiani
383 1978 573 2017 mihimet
601 1993 745 2016 veram
774 1981 926 2027 visam,
957 1984 1121 2031 coaevis
1151 1993 1291 2021 autem

27 2061 164 2098 minus
197 2066 435 2107 acceptam,
466 2070 559 2093 cum
589 2055 668 2093 alia
698 2066 976 2105 commutem,
1022 2058 1097 2096 sed
1127 2072 1289 2107 eorum,

29 2138 102 2189 qui
154 2133 402 2181 derideant,
456 2146 586 2170 unum
638 2132 865 2169 alterumve
909 2144 1157 2186 argumenta
1193 2149 1289 2174 mea

30 2223 164 2264 aequa
192 2209 406 2260 ponderet
432 2208 578 2257 lance,
609 2211 733 2247 etiam
763 2219 888 2261 atque
919 2212 1043 2248 etiam
1071 2224 1190 2264 rogo.

108 2287 304 2337 Corpora
332 2288 531 2338 organica
559 2287 690 2338 magis
721 2289 954 2337 composita
991 2299 1082 2325 non
1109 2289 1190 2325 nisi
1215 2301 1292 2339 pa-
1324 2303 1327 2309 ’

30 2349 199 2401 rentum
238 2363 324 2399 sive
373 2363 558 2413 ejusdem
606 2363 781 2400 omnino
829 2361 1015 2400 fabricae
1057 2376 1290 2414 corporum

31 2452 262 2486 concursu,
292 2437 548 2488 simpliciora
574 2451 679 2478 vero
711 2441 834 2476 etiam
865 2453 913 2477 ex
941 2438 1189 2490 corporibus
1221 2453 1290 2478 or-

0 2560 4 2567 .
30 2516 186 2568 ganicis
217 2513 391 2558 diversis
422 2516 522 2551 oriri
548 2516 779 2553 statuimus.
832 2514 909 2552 Illa
940 2524 987 2553 ut
1014 2525 1288 2568 generentur,

758 2591 828 2629 Cc
855 2603 878 2628 2
