1801 3066
497 144 522 165 ‘l

476 151 530 194 ιη

525 263 681 303 porro3
743 245 884 288 Musei
912 248 967 288 ab
995 250 1150 289 eodem
1176 252 1355 290 instituti
1381 251 1622 307 catalogum
1649 268 1747 294 cum

529 328 698 380 epicrisi
730 329 776 364 in
810 328 968 365 itineris
1008 326 1144 365 diario
1183 327 1311 379 (Bibl.
1349 342 1389 367 n.
1418 335 1485 380 84.
1525 328 1603 369 Th.
1639 345 1676 369 2.
1703 345 1747 384 p.

527 405 726 455 34-44.)
767 403 878 441 dedi.
944 404 1102 441 Prioris
1150 403 1343 443 editionis
1379 408 1526 444 icones
1561 407 1746 456 nitidae,

527 482 663 519 minus
695 490 925 519 accuratae.

475 569 562 597 200.
610 555 939 610 Untersuchung
986 555 1063 594 der
1113 566 1408 610 sogenannten
1454 558 1744 610 Viehseuche‚

527 633 636 672 oder
686 632 1043 686 Beweisgri‘mde,
1100 631 1188 670 dass
1244 633 1360 672 diese
1408 632 1746 674 Viehkrankheit

523 708 640 747 nicht
667 723 753 747 von
788 707 1188 760 pestilenzialischer
1215 710 1322 748 oder
1350 710 1636 750 anstekender
1663 713 1742 750 Art

525 800 621 840 sey,
676 785 864 824 sondern
900 798 987 822 von
1025 787 1144 824 einer
1193 785 1322 825 sibeln
1358 776 1619 840 Verdauurig
1656 787 1746 825 und

524 875 610 900 von
637 862 866 900 VVfirmern
899 863 946 899 in
984 861 1070 899 den
1096 861 1257 915 Miigen
1292 861 1510 903 herrfihre.
1569 865 1666 901 Von
1691 863 1744 900 N.

522 939 576 977 D.
614 935 789 976 Falck.
838 936 1060 990 Hamburg
1100 944 1210 988 1782.
1250 940 1387 978 XXII.
1432 950 1474 979 et
1514 945 1600 985 128.·
1634 952 1676 991 p.
1705 945 1743 984 8.

493 1008 637 1053 *tabb.
674 1027 763 1052 aen.
794 1027 830 1050 2.
860 1013 886 1036 ἢ(
927 1012 1173 1066 ⁴vermibus
1216 1018 1349 1054 nimia
1387 1014 1556 1065 tribuit,
1610 1014 1745 1068 quid?

523 1090 644 1144 quod
670 1089 786 1129 luem
813 1089 1016 1128 bovillam
1044 1089 1095 1128 ab
1124 1091 1172 1128 iis
1204 1091 1390 1140 derivatj
1436 1093 1509 1145 qui
1535 1093 1582 1129 in
1612 1090 1743 1136 boum

522 1165 765 1205 ventriculis
801 1176 1042 1206 occurrunt.
1110 1167 1286 1205 Vermes
1332 1169 1425 1215 isti,
1484 1180 1592 1219 quos
1624 1176 1666 1204 et
1697 1168 1745 1204 in

522 1244 759 1283 cervorum
788 1245 1103 1281 sanissimorum
1143 1242 1381 1296 aqualiculo
1416 1245 1584 1294 reperi,
1631 1244 1745 1281 etin

522 1317 660 1357 bobus
700 1318 772 1357 lue
812 1316 971 1356 affectis
1003 1333 1138 1370 aeque
1179 1333 1306 1370 saepe
1338 1319 1576 1357 desideravi
1604 1331 1652 1356 ac
1681 1317 1744 1362 of:

521 1395 669 1443 feudi,
706 1391 1000 1444 Amphistoma
1031 1395 1183 1430 sistunt
1212 1397 1407 1431 conicum
1435 1392 1536 1431 mihi
1565 1393 1742 1441 dictum,

521 1484 549 1509 a
577 1468 815 1509 Mfillero
855 1479 897 1507 et
926 1467 1179 1507 Gmelino
1216 1482 1311 1508 curn
1341 1471 1576 1509 Distomate
1611 1467 1744 1521 hepa-

523 1549 632 1595 tico,
659 1549 802 1584 nescio
837 1559 964 1598 quam
995 1543 1050 1582 ob
1081 1558 1270 1593 causam,
1306 1545 1540 1584 confusuma

469 1636 558 1664 201.
586 1624 634 1662 A.
656 1622 707 1661 G.-
737 1620 1012 1671 Camper's
1040 1618 1325 1673 Abhandlung
1351 1633 1438 1660 von
1466 1620 1552 1658 den
1577 1621 1742 1673 Krank—

519 1698 690 1747 heiten,
741 1698 810 1736 die
853 1694 1017 1734 sowohl
1061 1696 1145 1734 den
1181 1694 1413 1734 Menschen
1455 1696 1513 1735 als
1552 1695 1741 1736 Thieren

522 1777 649 1830 eigen
676 1775 780 1814 sind.
835 1770 1057 1812 Durchaus
1086 1775 1162 1810 mit
1189 1772 1397 1811 Zuse'itzen
1424 1772 1516 1810 und
1533 1771 1740 1811 Vermeh-

519 1865 689 1907 1ungen
718 1851 791 1889 des
821 1848 1059 1888 Verfassers
1097 1847 1354 1896 bereichert9
1402 1848 1493 1887 und
1531 1851 1609 1887 mit
1638 1851 1739 1888 eini-

519 1943 606 1983 gen
639 1926 972 1980 Amnerkungen
1009 1924 1170 1964 teutsch
1205 1924 1555 1979 herausgegeben
1590 1940 1678 1964 von
1702 1927 1738 1964 J.

518 2005 564 2043 F.
592 2006 652 2044 M.
680 2001 920 2042 Herbell.
948 2004 1114 2056 Lingen
1136 2009 1244 2054 1787.
1274 2002 1453 2041 XXXIL
1475 2001 1564 2040 und
1594 2002 1677 2041 160.
1697 2003 1738 2041 S.

519 2088 558 2128 8.
585 2082 612 2106 ⁴<
678 2081 909 2135 Egregium
942 2079 1092 2117 Petri
1131 2080 1381 2131 Camperi
1418 2092 1550 2130 opus,·
1595 2080 1736 2131 quod,

519 2172 618 2211 cum
662 2158 898 2210 praemium
941 2168 965 2193 a
1002 2158 1204 2194 societate
1240 2156 1396 2195 Batava
1438 2157 1735 2207 propositum,

517 2247 610 2277 non
651 2242 930 2287 reportasset,-
985 2231 1059 2270 filii
1099 2232 1356 2284 (Adriani
1395 2230 1599 2282 Gilles)
1656 2232 1733 2270 sub

478 2316 479 2319 ’
518 2314 694 2351 nomine
723 2310 793 2349 edi
821 2310 992 2349 curavit.
1048 2310 1115 2347 De
1142 2308 1353 2347 vermibus
1380 2320 1422 2359 p.-
1452 2313 1513 2351 25.
1542 2321 1624 2346 nec
1644 2321 1754 2348 non.

518 2400 562 2440 p.
591 2392 747 2438 43·48.
786 2389 897 2440 agit,
939 2385 1169 2438 pluresque
1196 2398 1287 2423 non
1316 2383 1509 2437 vulgares
1540 2398 1564 2423 a
1591 2398 1637 2423 se
1665 2399 1734 2424 re-

518 2473 665 2516 pexth
677 2492 692 2514 ,
734 2477 770 2502 v.
801 2477 834 2502 c.
862 2462 1057 2502 Filariam
1081 2465 1128 2503 in
1155 2463 1307 2507 Simiae
1329 2463 1512 2507 *Coaitae
1541 2460 1733 2501 abdomi-

1651 2541 1732 2588 nisj
