1801 3066
458 178 537 227 442

460 289 502 320 et
531 279 729 327 destruit,
774 286 824 315 ut
855 287 1018 323 vermes
1055 286 1148 313 non
1175 276 1362 325 possint,
1410 277 1513 326 quin
1549 278 1726 316 arteriae
1778 322 1779 327 ¹

457 356 634 396 tandem
661 354 810 393 lumini
839 353 1207 404 approximentur,
1236 348 1306 388 vel
1332 350 1521 390 inridem
1549 347 1726 403 inhient,

457 447 548 488 quo
578 430 748 470 stimulo
778 428 923 468 forsan
958 440 1071 465 nova
1098 423 1298 479 lymphae
1334 436 1462 465 strata
1498 427 1727 478 depon‘un-

456 491 808 558 furppericulum
836 515 979 544 autem
1006 516 1097 541 non
1124 503 1342 550 increscit,
1371 505 1584 555 sanguinis
1615 496 1728 542 enim

456 586 615 641 gurgiti
642 585 815 621 immissi
840 594 1005 621 vermes
1035 591 1134 617 mox
1159 577 1341 628 perituri
1368 577 1544 626 forent,
1579 585 1630 614 ut
1662 577 1727 615 ni·
1766 630 1772 633 .
1794 631 1796 633 Ι

458 657 566 702 duni
589 674 714 698 suum
742 671 835 696 non
864 656 1176 708 derelinquant.
1278 641 1280 643 .
1603 639 1605 642 .

561 734 769 774 Morbum
809 733 940 771 boum
980 731 1193 781 g.‹,1l,¹’icmn
1249 730 1408 768 dictum
1447 726 1528 766 huc
1567 730 1724 780 potius,

457 825 584 866 quam
614 809 669 847 ad
695 812 728 859 §.
759 813 797 852 5.
827 807 880 845 de
909 805 1177 860 hydatidibus
1201 815 1411 859 agentem,
1439 804 1599 853 reFero,
1626 803 1731 842 licet

456 898 676 934 auctores,
712 885 964 936 praesertim
990 883 1243 929 veterinarii,
1274 882 1458 920 eundem
1484 894 1579 919 cum
1605 879 1728 931 lepo-
1764 919 1771 923 ,

455 978 566 1011 rum,
594 972 804 1011 suumque
834 956 1107 1012 grandinibus
1138 967 1404 1008 comparent,
1448 957 1578 1010 quid?
1606 955 1727 1009 quod.

454 1039 654 1091 leporum
682 1033 926 1089 hydatides,
957 1031 1226 1071 venatoribus
1254 1032 1511 1085 plerumque
1538 1030 1727 1071 variolae

457 1116 621 1161 dictae,
657 1111 870 1150 interdum
901 1111 1025 1146 etiam
1053 1106 1224 1145 morbus
1257 1107 1429 1160 gallicus
1459 1109 1725 1160 (germanice
1752 1102 1756 1106 ¹

454 1191 729 1238 Franz-osen)
772 1185 955 1223 audiant.
1037 1183 1133 1232 Ipse
1188 1181 1317 1227 boves
1379 1186 1500 1222 variis
1549 1182 1723 1232 morbis,

453 1265 706 1319 praesertim
749 1270 889 1299 autem
927 1257 998 1295 lue
1036 1271 1111 1295 seu
1147 1266 1267 1308 peste
1302 1256 1484 1305 bovilla,
1527 1268 1569 1295 et
1609 1257 1723 1297 malo

453 1339 746 1395 pneumonico
776 1337 1022 1381 exstinctos,
1054 1342 1213 1371 attente
1244 1334 1476 1371 examinavi
1505 1333 1725 1385 quamplu-

453 1421 601 1464 rimos,
629 1410 827 1452 morbum
856 1419 997 1447 autem
1027 1407 1225 1462 gallicum
1247 1408 1405 1446 dictum
1434 1398 1651 1462 nulffjuam
1678 1411 1725 1450 in

451 1493 606 1533 iisdem
626 1489 781 1540 reperi,
811 1485 887 1524 sed
905 1487 949 1522 in
968 1486 1122 1524 Museo
1142 1495 1302 1523 tantum
1320 1485 1575 1522 Zootomico
1595 1470 1727 1524 Scho-

452 1559 521 1609 lae
549 1564 842 1606 Veterinariae
871 1559 1156 1599 Berolinensis
1197 1563 1370 1613 egregio
1408 1559 1626 1599 tubercula
1652 1575 1725 1617 ag-

452 1652 631 1699 gregata
659 1643 703 1677 in
731 1639 879 1688 spiritu
905 1638 992 1692 vini
1030 1646 1277 1675 conservata
1314 1635 1423 1684 vidi,
1467 1635 1724 1688 quae-bovis

454 1718 705 1760 dicebantur
731 1712 806 1751 illo
836 1711 988 1750 morbo
1020 1709 1169 1750 affecti.
1236 1713 1349 1750 Num
1386 1709 1607 1750 tubercula
1644 1715 1724 1754 ista

452 1806 615 1835 vermes
645 1791 842 1836 foveant,
872 1802 950 1826 nec
978 1802 1054 1836 ne,
1083 1803 1151 1826 me
1181 1787 1355 1839 quidem
1381 1783 1513 1839 fugit,
1551 1799 1633 1825 nec
1659 1788 1724 1828 ul-

451 1871 543 1909 lum
570 1868 744 1906 memini
773 1874 1006 1912 auctorem,
1037 1866 1108 1916 qui
1134 1863 1310 1901 eosdem
1336 1863 1381 1898 in
1408 1858 1470 1898 his
1498 1863 1722 1913 invenerit,

450 1945 645 1984 laniones
675 1951 815 1979 autem
847 1949 1057 1977 emtorum
1088 1941 1247 1977 animos
1285 1949 1623 1989 praeoccupatos
1651 1954 1746 1980 ve-·

451 2023 525 2061 :riti
551 2016 748 2057 morbum
779 2015 1062 2064 dissimulant,
1090 2025 1138 2054 ut
1164 2016 1297 2053 rarius
1327 2014 1551 2052 examinari
1579 2025 1719 2070 queat.

451 2098 520 2137 De
551 2093 702 2133 eodem
721 2091 879 2129 idcirco
901 2093 1138 2139 tacuissem,
1167 2092 1245 2128 nisi
1271 2102 1459 2128 errorem
1482 2098 1719 2140 auctorum,

451 2188 500 2214 se
528 2169 725 2210 morbum
760 2168 928 2205 novisse
966 2168 1227 2217 jactantium,
1268 2174 1310 2203 et
1343 2177 1420 2216 pro
1448 2163 1720 2218 hydatio‘ibus

454 2247 645 2287 animatis
672 2243 969 2290 vendentium,
1009 2240 1310 2292 depellendum
1337 2240 1580 2279 duxissem.-
1613 2240 1720 2280 Nul-

453 2323 518 2362 lus
544 2324 703 2373 itaque,
731 2328 958 2370 repetam,
990 2316 1195 2368 ejusmodi
1222 2314 1442 2370 hydatides
1465 2309 1525 2354 'in'
1543 2318 1719 2355 tumori-

452 2398 531 2439 bus
561 2396 711 2436 morbo
742 2393 892 2449 gallico
914 2389 1157 2432 solennibus
1175 2380 1357 2446 reperit,
1387 2392 1486 2430 dum
1501 2389 1622 2444 hujus
1645 2405 1719 2431 au-

454 2485 541 2514 tem
570 2470 758 2513 definitio
789 2479 905 2518 certa
929 2482 1020 2510 non
1049 2469 1196 2518 detur,
1237 2479 1279 2508 et
1306 2467 1503 2509 animalia
1530 2475 1717 2508 ceterum
