1801 3066
1231 205 1310 244 26r

62 325 191 365 aquae
229 309 396 363 tepidae
435 309 677 354 commisw,
729 304 947 343 materiam
981 317 1179 346 vasorum
1216 309 1304 348 fus-

60 401 146 426 cam
174 386 248 426 sub
278 381 508 425 animalculi
532 380 739 430 motibus,
785 381 947 419 vomitu
975 384 1094 432 quasi
1132 394 1302 435 sponta-

55 476 160 511 neo,
191 477 239 502 ex
267 475 338 501 ore
367 462 451 498 sive
478 471 587 510 poro
618 458 756 495 antico
786 457 965 495 eructari
993 460 1159 508 saepius
1192 460 1300 508 vidi,

54 551 276 591 vermeque
303 546 385 574 tam
411 537 504 574 vivo
538 546 664 586 quam
690 542 859 571 mortuo
888 532 1027 585 digitis
1056 546 1300 585 compresso

54 616 185 651 omnis
211 610 279 649 illa
307 613 481 649 materia
507 623 586 660 per
613 608 796 647 eundem
821 621 977 659 porum
1007 610 1223 648 emittitur.

127 686 386 726 Trematoda
416 685 686 736 absorptione
725 693 901 723 cutanea
927 686 1078 723 nutriri
1106 685 1171 723 vix
1197 697 1299 736 pro-

52 761 211 809 babile,
250 765 406 815 quippe
433 744 529 799 nasa
555 761 726 798 nutritia
755 773 778 798 a
804 773 916 811 poro
946 763 1085 799 antico
1115 759 1298 800 oriunda

51 840 331 890 copiosissima
369 839 450 876 sint
489 845 530 874 et
567 845 703 874 totum
731 849 886 887 corpus
914 846 1188 887 percurrant,
1240 838 1296 876 ei-

52 913 142 952 dem
182 926 283 966 ergo
319 911 471 952 alendo
509 911 700 950 sufficere
729 912 964 953 videantur.
1042 913 1191 965 Aquae
1221 914 1297 951 im-

0 1007 3 1012 *
50 990 164 1027 missa
197 990 366 1026 minime
393 988 773 1029 Nematoideorum
808 987 877 1027 vel
901 985 1295 1040 Acanthocephalo-

54 1077 138 1104 mm
163 1076 282 1103 more
315 1074 568 1119 turgescunt.

209 1261 573 1306 Cescoideorum
612 1264 886 1305 nutritionis
926 1275 1126 1320 organa.

124 1369 243 1419 Quae
274 1367 328 1404 de
358 1366 512 1404 ordine
548 1367 652 1413 isto,
698 1367 833 1405 minus
860 1366 1061 1416 naturali,
1107 1368 1152 1404 in
1180 1374 1297 1405 ante!

0 1453 6 1463 ··
44 1439 286 1479 cedentibus
317 1440 422 1490 dixi,
465 1443 634 1493 organis
666 1441 890 1494 digestioni
919 1452 961 1480 et
986 1443 1206 1480 nutritioni
1235 1441 1296 1480 di-

2 1517 5 1520 '
45 1518 162 1563 catis,
191 1516 341 1567 quovis
367 1519 412 1554 in
439 1529 596 1569 genere
623 1515 822 1564 diversis,
852 1520 954 1568 quin
983 1517 1293 1565 diversissimis,

2 1603 6 1607 ·
43 1589 115 1629 sub
144 1603 315 1629 examen
342 1592 524 1638 vocatis,
562 1588 698 1628 adhuc
725 1594 857 1644 magis
887 1583 1155 1639 evincuntur,
1192 1604 1294 1631 nam

0 1685 7 1689 =·
44 1667 84 1704 in
112 1665 418 1712 Nematoideis,
467 1663 846 1717 Acanthocephalis
875 1676 915 1705 et
942 1666 1292 1716 Trmnatodibus,

0 1743 7 1763 l
44 1738 254 1778 ordinibus
291 1753 390 1779 vere
426 1739 682 1780 naturalibus
720 1751 922 1781 structura
950 1742 1159 1794 quaedam
1200 1744 1292 1781 uni-

0 1831 7 1838 ·
46 1813 228 1863 versalis,
285 1814 565 1868 omnibusque
610 1816 797 1868 ejusdem
841 1817 1024 1873 Familiae
1065 1818 1288 1873 generibus

0 1900 8 1913 ··
46 1891 266 1928 communis
295 1889 467 1929 obtinet.

112 1966 167 2004 A.
196 1965 386 2004 Scolecis
414 1967 551 2019 Caput
578 1978 727 2007 trunco
757 1969 995 2010 mutabilius
1026 1971 1215 2011 exsertile
1244 1981 1286 2011 et

0 2041 9 2064 ³·
44 2040 266 2090 retractile,
313 2052 420 2081 teres
447 2042 515 2081 vel
557 2043 830 2096 depressum,
880 2046 1075 2086 auriculis
1105 2057 1288 2100 quatuor

0 2107 9 2129 '³
45 2114 138 2155 albis
166 2127 208 2156 et
232 2116 452 2169 pellucidis
480 2121 594 2157 varie
620 2118 896 2171 plicatilibus‚
941 2126 1096 2172 ovinis,
1135 2122 1289 2161 oblon-

0 2183 9 2216 j.
46 2193 124 2246 gis,
172 2191 437 2242 lanceolatis,
481 2193 681 2244 foveatis,
735 2196 946 2250 globosis,
994 2200 1174 2251 pertusis
1215 2197 1284 2238 vel

0 2268 6 2291 ²
45 2270 294 2320 compressis.
365 2270 457 2308 Hae
486 2268 788 2324 Oesophagum
814 2288 977 2313 summo
1016 2276 1133 2326 apice
1163 2287 1287 2326 aper-

0 2344 6 2366 2'
44 2350 131 2382 tusa
163 2357 238 2383 seu
276 2357 352 2383 ore
388 2347 635 2385 instructum
681 2349 867 2402 cingunt.
948 2349 1117 2390 Collum
1153 2348 1283 2389 breve

0 2426 6 2440 ··
43 2416 290 2468 pellucidum
327 2419 429 2459 lobo
475 2422 796 2462 membranaceo
832 2424 978 2464 lunato
1015 2427 1204 2478 margine
1238 2427 1284 2464 in

0 2499 1 2507 ¹
43 2494 179 2549 vividis
209 2509 332 2547 saepe
362 2499 589 2548 sanguineo
616 2500 851 2544 instruitur:
880 2510 1005 2551 caput
1031 2501 1175 2539 itidem
1204 2513 1283 2552 po-
