1801 3066
479 173 561 222 458

483 277 592 316 duos
621 276 675 315 ad
704 276 893 328 quinque
921 275 1096 328 pollices
1125 275 1293 329 longus,
1324 277 1447 328 copia
1466 276 1639 329 quidem
1662 291 1750 318 ma—

480 355 564 406 jori
593 363 636 391 et
665 351 857 391 omnibus
894 355 937 390 in
972 352 1163 404 partibus
1195 353 1359 400 dictis„
1379 350 1523 390 cloaca
1561 364 1747 406 excepta,

481 430 650 479 aderat,
697 428 773 467 sed
809 442 994 480 corpore
1029 430 1214 466 tenuiori
1249 430 1386 466 minus
1426 426 1620 480 explebat
1655 442 1750 482 spa·

480 507 599 544 tium.
629 556 631 558 q
678 511 715 550 5.
753 504 946 543 Ascaris
983 502 1339 556 sesquipollicaris
1377 503 1564 543 solitaria
1590 507 1637 543 in
1663 518 1752 544 me-

482 580 555 619 dio
607 579 860 619 occurrebat
911 578 1173 633 oesophago.
1255 583 1292 630 4.
1333 579 1536 619 Ριῗίανίαε
1573 579 1749 634 aliquot,

481 666 553 695 aut
577 658 745 709 proprii
775 658 941 709 generis
970 670 1158 703 vermes,
1195 658 1382 708 primum
1418 669 1500 709 pro
1537 657 1750 696 Ascaridi-

479 731 556 771 bus
598 729 756 780 habiti,
795 734 838 769 in
890 730 1018 771 bulbo
1061 731 1307 781 ventriculi,
1351 741 1393 770 et
1431 734 1476 770 in
1515 731 1600 772 hoc
1638 735 1747 786 ipso.

479 812 515 852 5.
572 806 828 859 Strongylus
887 808 1139 859 pupillosus
1186 807 1410 861 aliquoties
1457 808 1616 848 ibidem
1673 808 1751 849 ob·-

479 887 582 923 vius.
652 884 688 922 6.
729 882 1047 935 Alrzplaiscoma
1116 886 1360 922 erraticum
1403 898 1483 937 per
1519 895 1657 923 totum
1685 894 1749 924 tu·

477 959 579 998 bum
627 958 832 998 cibarium
881 959 1290 1011 frequentissimum,
1342 970 1383 999 et
1420 959 1657 1000 ventriculo
1707 970 1748 999 et

478 1037 676 1074 intestino
715 1038 833 1074 tenui
873 1045 1044 1074 externe
1085 1049 1259 1088 quoque
1289 1035 1536 1075 adhaerens.
1592 1052 1628 1088 7.
1668 1036 1750 1074 Di-

479 1121 623 1149 scomcz
657 1111 928 1163 spitznlosum
964 1123 1053 1149 non
1090 1125 1257 1159 rarum,
1295 1125 1375 1162 per
1399 1113 1648 1153 intestinum
1687 1121 1752 1150 te-

475 1201 559 1226 nue
597 1188 846 1238 dispersum.
914 1193 951 1231 8.
981 1188 1144 1224 vermis
1187 1186 1360 1225 tandem
1398 1189 1578 1226 maxime
1607 1189 1751 1241 singu-

477 1263 595 1311 laiis,
640 1263 693 1300 «le
723 1275 832 1314 quo,
873 1274 975 1298 num
1006 1260 1061 1298 ad
1091 1261 1306 1300 cestoidea
1334 1264 1568 1314 pertineat,
1611 1262 1750 1303 adhue

475 1343 658 1378 incertus
689 1351 802 1385 sum,
845 1339 888 1374 in
917 1339 1103 1376 intestini
1139 1348 1263 1389 parte
1299 1340 1509 1390 superiori
1535 1337 1600 1377 bis
1629 1348 1749 1377 terve

479 1415 554 1454 sed
582 1428 669 1452 non
698 1416 863 1466 integer
889 1416 1012 1452 visus.
1078 1414 1120 1451 Si
1157 1427 1327 1452 omnem
1360 1398 1516 1454 horurn
1542 1416 1752 1455 vermium

478 1494 644 1544 copiam
675 1488 861 1542 colligis,
892 1489 1150 1529 horrendam
1178 1490 1306 1529 fuisse
1333 1489 1508 1542 patebit.
1564 1474 1567 1477 Ι

581 1569 804 1606 Vermium
833 1576 974 1605 autem
1001 1565 1102 1604 licet
1130 1580 1334 1607 summam
1374 1570 1543 1620 saepius
1581 1568 1751 1618 copia-m

475 1654 561 1682 tam
589 1645 632 1680 in
662 1644 793 1694 equis,
825 1644 955 1696 agnis,
986 1641 1130 1680 avibus
1160 1642 1303 1691 dictis,
1332 1642 1604 1694 piscibusque
1633 1643 1752 1681 inve-¹

475 1721 625 1767 nerim,
655 1719 866 1769 variisque
894 1720 937 1755 in
967 1716 1212 1754 animalibus
1251 1716 1357 1756 hanc
1384 1716 1554 1756 illamve
1581 1726 1749 1768 partem

475 1794 627 1834 iisdem
661 1792 868 1845 repletam
903 1793 1102 1842 viderim,
1151 1807 1232 1831 nec
1269 1791 1647 1831 inflammationem
1685 1801 1749 1830 ta-

474 1883 597 1919 men,
637 1883 717 1909 nec
758 1869 1099 1920 perforationem·
1135 1864 1581 1919 sphaeelosamsnec
1607 1865 1750 1907 -aliam

477 1959 775 1999 quamcunque
796 1947 1094 1983 intestinorum
1115 1943 1348 1983 laesionem
1367 1944 1471 1995 inde
1486 1943 1641 1984 Factam
1671 1941 1748 1981 ob-

477 2023 651 2060 servavi.

581 2096 676 2135 Alvi
705 2094 1039 2135 obstructionem
1068 2107 1111 2135 et
1138 2097 1282 2145 ileum,
1313 2110 1420 2149 quos
1442 2106 1634 2136 auctores
1654 2108 1750 2147 pas-

477 2175 554 2213 sim
581 2173 682 2211 inde
712 2170 979 2225 derivarssgit,
1010 2174 1100 2223 ipse
1129 2172 1276 2212 saltem
1305 2172 1355 2211 ab
1385 2173 1536 2212 iisdem
1566 2171 1748 2212 deduce-

475 2263 523 2289 re
551 2248 722 2288 nollem.
779 2249 964 2299 Semper—
995 2251 1106 2287 enim
1134 2251 1245 2287 iuter
1272 2262 1460 2297 vermes,
1507 2259 1676 2285 summa·
1697 2245 1749 2284 li-

478 2334 544 2363 cet
573 2327 697 2376 copia
726 2334 967 2377 congestos,
997 2322 1168 2378 chymus
1200 2334 1241 2363 et
1255 2323 1539 2363 faeculentam
1558 2324 1668 2362 viam
1682 2329 1747 2360 re—

476 2403 649 2452 periunt
676 2400 852 2439 liberam
881 2399 955 2450 *),
1004 2409 1044 2438 et
1081 2402 1114 2437 si
1151 2400 1326 2439 duriora
1365 2399 1514 2439 tubum
1543 2398 1748 2437 cibarium

569 2511 600 2555 ')
628 2499 710 2547 Cel.
730 2510 914 2547 Wiehm
929 2522 1019 2544 ann
1047 2510 1092 2552 (l.
1109 2523 1138 2564 e.
1155 2524 1190 2558 p.
1205 2516 1288 2558 91.)
1316 2509 1610 2546 abstractionem*
1633 2507 1745 2556 pertia
