1801 3066
440 169 495 213 86

491 273 706 312 minosum
747 276 926 325 exponit.
992 274 1169 312 Vei-mes
1209 284 1325 313 certe
1354 274 1408 313 ad
1435 272 1713 330 Strongylum

496 348 892 404 trigonocephalum
925 348 1029 389 mihi
1059 351 1216 389 dictum
1244 352 1473 403 pertinent.

445 432 537 473 281.
574 424 700 466 Phil.
737 427 837 464 Jac.
887 426 1200 465 Hartmann.
1241 428 1291 465 In
1335 425 1443 479 Eph.
1481 429 1577 467 Nat.
1613 429 1713 468 Cur.

496 504 600 543 Dec.
633 516 666 541 2.
696 504 803 542 Ann.
834 518 871 555 7.
909 517 951 555 p.
981 507 1047 556 74,
1075 503 1102 528 ⁴<
1137 515 1300 542 vermes
1329 506 1523 544 meminit
1550 507 1594 545 in
1622 518 1715 544 cor-

495 593 604 632 pore
643 580 962 634 glanduliformi
996 580 1233 622 ventriculo
1264 582 1415 618 canino
1456 581 1716 622 adhaerente

497 670 521 696 a
550 671 595 696 se
624 666 833 708 repertos.

445 738 535 779 282.
563 733 635 771 Jo.
664 735 789 774 Dan.
830 733 1036 774 Dolaei
1074 734 1174 774 Obs.
1205 734 1258 774 de
1288 733 1453 773 scirrhis
1491 732 1717 773 ventriculi

497 811 773 856 verminosis,
830 810 1000 851 canibus
1042 811 1273 850 admodum
1312 810 1599 850 familiaribus.
1668 809 1718 848 In

496 884 605 940 Eph.
634 888 729 925 Nat.
761 889 858 927 Cur.
879 889 980 929 Dec.
1010 896 1046 935 5.
1076 889 1182 928 Ann.
1205 894 1229 932 5
1252 898 1294 926 et
1321 888 1356 927 6.
1385 901 1426 940 p.
1455 893 1555 940 593,
1584 886 1717 940 594*

497 977 662 1002 vermes
692 963 830 1002 obiter
860 965 1083 1017 descripti,
1113 966 1170 1007 ita
1198 975 1366 1013 tamen,
1401 974 1448 1004 ut
1476 963 1716 1019 strongylos

495 1049 666 1083 :nostros
696 1054 810 1088 esse,
848 1050 1002 1093 pateat.

580 1116 706 1157 Confi
735 1130 775 1155 n.
804 1123 867 1162 51.
899 1128 942 1157 et
968 1130 1008 1156 n.
1041 1131 1128 1171 279.

794 1245 837 1285 d.
877 1249 1143 1300 Strongylns
1170 1247 1374 1300 itfiexus.

449 1351 529 1391 283
573 1347 626 1384 Ja
643 1360 673 1383 c.
705 1345 780 1385 Th
798 1360 858 1384 eo
875 1347 913 1384 d.
947 1346 1114 1385 Klein
1149 1348 1362 1386 Historiae
1389 1349 1570 1398 piscium
1597 1357 1719 1384 natu-

500 1420 600 1458 ralis
628 1423 782 1460 Missus
812 1421 842 1459 I.
873 1421 1039 1462 Gedan.
1074 1427 1186 1475 1740.
1206 1427 1244 1473 4.
1273 1423 1298 1446 ⁴<
1338 1424 1517 1461 Vermes
1545 1423 1590 1460 in
1618 1420 1719 1461 Del-

500 1496 620 1549 phini
648 1497 898 1537 Phocae‘nae
927 1501 1116 1553 tympani
1145 1512 1249 1537 cavo
1277 1501 1438 1550 reperti
1470 1511 1515 1550 p.
1545 1511 1606 1549 27.
1636 1497 1718 1537 tab.

499 1573 550 1614 V.
580 1573 668 1626 Fig.
697 1579 734 1618 5.
784 1574 922 1614 obiter
960 1574 1160 1625 descripti
1198 1585 1240 1614 et
1268 1573 1470 1614 delineati
1505 1577 1718 1614 sistuntur.

501 1648 668 1686 Eodem
709 1664 757 1688 ex
792 1650 890 1688 loco
926 1664 1090 1689 vermes
1130 1649 1233 1689 mihi
1279 1650 1414 1689 diebos
1453 1649 1505 1692 ab
1542 1652 1717 1691 amiciss-

501 1724 603 1769 ,Alb
618 1739 725 1775 εις,
753 1727 927 1766 Medico
955 1728 1174 1770 Bremensi
1203 1726 1281 1767 cel.
1311 1727 1470 1781 accepi.

779 1878 835 1928 F.
852 1910 864 1922 ,
901 1879 952 1926 E
955 1879 1397 1948 chinorhynchus.

898 2014 942 2042 a.
989 2001 1265 2042 Generatim.

451 2103 541 2150 284.
573 2099 796 2154 Quaedam
827 2101 880 2141 de
917 2100 1372 2157 Echinorhynchorum
1406 2110 1560 2141 natura
1587 2103 1717 2154 scrip-

503 2178 556 2216 sit
583 2177 716 2217 Frid.
745 2178 869 2234 Aug.
898 2178 1162 2219 Treutler.
1190 2180 1302 2231 Lips.
1335 2191 1449 2231 1791.
1476 2177 1592 2219 XVI.
1622 2185 1716 2231 p-8.

503 2251 588 2291 tab.
621 2267 711 2293 aen.
740 2256 838 2309 pict.
873 2269 905 2297 1.
934 2255 960 2280 “k
1013 2256 1248 2297 Humorem
1284 2256 1505 2295 nutritium
1544 2254 1596 2294 ab
1628 2258 1717 2296 istis

505 2328 766 2370 animalculis
822 2329 1058 2385 superficiei
1073 2360 1087 2383 ,
1153 2330 1328 2372 vasculis
1393 2331 1717 2373 absorbentibus

503 2407 752 2459 praeditae,
789 2422 874 2464 ope
902 2407 1085 2464 hauriri,
1124 2410 1419 2475 experimentis
1447 2411 1572 2451 variis
1600 2411 1721 2456 eviu-⁸

506 2483 587 2532 cit,
618 2485 738 2523 nimis
768 2495 910 2526 tamen
937 2496 1072 2545 urget,
