1801 3066
1267 169 1343 209 279

79 258 240 298 antibus
291 257 505 297 terminari
551 255 702 302 refert,
753 257 846 308 ipse
892 268 991 298 vero
1037 262 1161 300 icone
1199 262 1341 302 oblata

81 336 206 384 (Tab.
236 335 325 373 VII.
353 334 437 385 Fig.
468 332 556 375 156.
594 331 652 379 d.)
696 329 821 369 finem
869 334 1099 384 simplicem
1138 338 1339 392 depingit,

76 422 124 450 ut
153 412 229 450 hac
260 411 312 448 de
338 422 384 446 re
412 407 490 445 sibi
517 418 607 445 non
636 416 829 446 constare
857 408 1060 451 videatur.
1113 413 1171 450 Ex
1198 428 1341 453 vascu-

80 488 122 526 lo
153 488 267 525 tenui
293 483 417 523 facile
447 484 733 535 disrumpente
761 484 943 535 plurium
962 485 1135 524 filorum·
1155 492 1342 539 speciem

78 571 235 608 ortam,
267 569 338 599 aut
367 560 417 599 cl.
453 563 586 598 virum
613 562 818 615 incertum
847 559 1006 600 factum
1037 576 1125 601 esse
1154 565 1340 602 credide-

71 639 171 684 rim,
191 619 289 690 ego
319 637 466 676 saltem
499 649 714 674 ramosum
750 649 819 674 me
846 638 1049 676 invenisse
1076 652 1167 678 non
1194 642 1340 678 memi-

71 716 139 760 ni,
170 723 210 752 et
237 727 325 752 rem
353 716 474 763 istam
502 714 685 760 variare,
730 714 795 750 vix
834 714 1054 754 admittere
1087 715 1198 754 licet.
1273 716 1340 753 De

71 803 185 829 novo
214 793 364 828 iterum
392 792 438 826 in
472 789 650 827 eandem
679 791 1008 841 inquisivissem,
1048 793 1123 831 sed
1157 792 1339 830 feminae

71 867 243 919 quidem
278 867 611 912 recentissimae,
658 877 747 903 non
776 875 918 904 autem
945 881 1081 906 mares
1112 869 1163 906 ad
1189 881 1338 906 manus

71 953 186 990 sunt,
217 951 259 980 et
285 944 329 979 in
356 941 652 993 speciminibus
681 944 828 993 spiritu
864 945 947 981 vini
985 947 1195 983 asservatis
1224 957 1339 982 error

71 1018 266 1057 facillime
304 1018 381 1057 sub
420 1019 669 1057 dissectione
706 1018 848 1057 locum
897 1019 1035 1059 habet.
1108 1021 1338 1068 Structura,

72 1107 198 1147 quam
228 1095 331 1142 dixi,
370 1096 549 1134 testiculi
578 1095 880 1147 simplicissima
910 1105 986 1144 est,
1022 1107 1062 1134 et
1089 1097 1223 1149 qualis
1254 1099 1339 1135 ani-

70 1170 253 1209 malculo
283 1172 461 1223 simplici
491 1175 698 1211 convenit.
757 1173 915 1211 Omnes
943 1185 1044 1211 vero
1073 1173 1169 1212 illae
1195 1182 1337 1225 partes

74 1247 416 1295 candidissimae,
454 1248 562 1287 telae
589 1262 662 1287 seu
688 1249 855 1286 filorum
884 1252 1225 1288 tenuissimorum
1255 1263 1339 1301 ope

73 1335 168 1361 cum
196 1323 297 1362 tubo
326 1324 550 1362 intestinali
578 1333 618 1361 et
647 1334 742 1362 cute
768 1325 1002 1370 revinctam,
1048 1327 1159 1367 intus
1188 1325 1338 1364 humo-

69 1413 115 1438 re
143 1402 259 1438 tenui
286 1408 328 1438 et
356 1399 562 1438 albicante
591 1401 785 1451 (semine)
814 1399 1015 1450 repletae.

175 1476 350 1514 Veteres
373 1478 480 1513 inter
506 1476 750 1528 Tysonus
780 1484 821 1513 et
848 1475 919 1512 Re
934 1475 1046 1512 dius
1075 1477 1198 1514 maris
1229 1474 1337 1514 hanc

70 1560 321 1591 structuram
361 1551 556 1589 viderunt
599 1559 640 1587 et
677 1549 932 1588 delineatam
968 1550 1213 1596 reddidere;
1268 1550 1338 1588 ille

68 1628 187 1674 (Bibl.
216 1635 348 1673 nostr,
376 1639 419 1666 n.
449 1628 553 1673 250.)
603 1628 728 1664 etiam
756 1624 865 1663 bene
895 1624 1111 1676 explicuit,
1167 1626 1236 1664 hic
1265 1639 1338 1664 au-

67 1714 149 1743 tem
181 1703 307 1757 (degli
336 1703 506 1741 animali
535 1712 612 1741 etc.
640 1716 682 1754 p.
711 1702 774 1749 56.
803 1702 855 1742 Τ.
883 1702 936 1740 X.
965 1702 1050 1756 Fig.
1079 1707 1140 1755 4.)
1179 1702 1338 1741 femina

68 1781 331 1831 saepissime,
371 1792 486 1817 mare
515 1787 675 1817 tantum
704 1788 852 1832 quater
886 1780 975 1817 viso
984 1805 1008 1824 ,-
1031 1792 1218 1817 vermem
1245 1777 1338 1816 her-

66 1855 382 1907 maphroditum
409 1855 718 1907 supponendo,
758 1868 894 1893 mares
922 1867 1003 1906 pro
1030 1853 1235 1905 peculiari
1262 1851 1336 1891 ha·

67 1931 158 1970 buit
186 1933 350 1982 specie,
389 1939 429 1969 et
467 1930 634 1969 Vallis
648 1933 849 1969 nierius
887 1930 1003 1978 (dell’
1035 1931 1153 1981 ovaja
1180 1943 1224 1981 p.
1253 1936 1336 1980 20.)

69 2010 142 2062 qui
166 2020 336 2059 semper
371 2019 462 2045 non
488 2009 568 2045 nisi
615 2007 792 2046 feminas
829 2009 1010 2055 invenit,
1056 2006 1212 2044 Redii
1251 2006 1339 2042 ieo-

66 2097 166 2123 nem
193 2083 449 2135 repetendo,
488 2085 639 2122 vermis
667 2083 998 2136 hermaphroditi
1025 2096 1164 2122 raram
1194 2091 1236 2120 et
1260 2094 1334 2133 pe-

70 2159 268 2200 culiarem
296 2172 386 2198 esse
412 2162 595 2212 speciem
625 2160 800 2199 addidit.

175 2218 389 2273 Feminae
433 2238 602 2288 majoris
654 2238 787 2276 cauda
814 2247 928 2277 recta
958 2247 999 2275 et
1028 2236 1189 2275 obtusa.
1243 2234 1336 2272 Tri-

70 2327 153 2352 um.
170 2313 258 2351 fere
284 2312 490 2363 pollicum
537 2328 560 2352 a
589 2317 725 2366 capite
753 2315 974 2360 distantia,
1016 2325 1110 2360 seu,
1164 2319 1212 2349 ut
1237 2309 1338 2347 Re-

72 2390 191 2429 dius
220 2387 397 2436 mavult,
437 2403 615 2442 corpore
643 2391 849 2430 Ascaridis
887 2394 931 2429 in
958 2400 1038 2428 tres
1067 2380 1206 2440 partes
1236 2387 1338 2425 divi-

71 2479 145 2514 so,
175 2465 323 2503 harum
346 2467 559 2504 tertia'rum
587 2451 710 2507 u'niu's
742 2482 765 2506 a
789 2470 927 2520 capite
956 2467 1116 2517 spatio,
1153 2477 1238 2517 quo
1275 2463 1338 2500 lo·
1396 2510 1403 2521 ·
