1801 3066
494 178 546 223 68

496 295 586 325 210·
615 280 762 321 Hans
790 275 1046 316 Sloane’s
1074 278 1241 331 voyage·
1268 285 1312 313 to
1333 274 1533 324 samaica,
1561 276 1756 327 Madera,

546 356 766 399 Barbados
807 364 882 392 etc.
921 353 1061 392 Lond.
1101 352 1172 390 fol,
1222 350 1451 390 Vol.1.11.
1499 363 1759 405 1707-1727.

549 434 610 474 Ill.
640 430 806 471 Olaus
845 430 1074 477 Swartz,
1123 429 1284 479 patriae
1320 427 1435 465 urbis
1476 427 1630 476 decus,
1679 441 1759 479 pro

552 522 627 547 sua
654 509 698 545 in
725 521 792 545 me
825 507 1006 544 amicitia
1035 517 1084 543 ex
1111 501 1342 540 Sloanei
1369 501 1508 551 libro,
1547 516 1655 555 quae
1683 501 1762 540 huc

550 585 793 635 pertineant
816 580 926 632 (Vol.
949 581 980 620 Ι.
1005 577 1242 619 Introduct.
1264 591 1305 628 p.
1328 578 1519 617 CXXVI.
1544 587 1585 617 et
1606 578 1699 617 Vol.
1713 578 1761 616 Π.

551 672 592 711 p.
627 660 736 711 190.)
747 683 761 706 ,
802 658 1007 708 exscripta
1045 650 1145 692 mihi
1172 653 1376 692 mandare
1414 666 1506 692 non
1534 655 1761 698 recusavit;

554 734 629 773 sed
653 735 808 780 omnia,
837 735 959 769 icone
980 743 1069 768 non
1094 739 1280 781 excepta,
1310 729 1425 780 apud
1447 730 1481 768 V
1497 727 1760 767 elschium

498 828 504 830 ·
556 810 744 860 aliosque
776 816 1016 846 occurrunt.

504 899 590 924 211.
622 881 857 923 Godofr.
907 882 1031 934 Aug.
1074 880 1365 921 Grundler
1401 882 1468 920 in:
1523 881 1758 919 Commerc.

557 962 643 1000 lice.
674 974 780 997 nov.
814 961 928 1009 1740.
965 968 1005 1008 Ρ»
1035 964 1122 1010 ¹529.
1162 955 1242 995 tab.
1272 959 1321 996 V.
1350 956 1416 1010 fig.
1461 956 1563 995 1-3.
1604 957 1630 982 ’κ
1666 969 1760 995 vera·

556 1050 667 1076 mem
707 1034 903 1073 describit
943 1043 983 1071 et
1023 1032 1206 1072 delineat
1247 1047 1295 1072 ex
1330 1033 1451 1071 India
1477 1034 1671 1080 missum,
1711 1033 1760 1084 δὲ

555 1112 687 1164 pedes
726 1108 951 1149 Rhenanos
989 1106 1188 1161 longum,
1240 1107 1334 1148 hinc
1374 1106 1518 1146 osculo
1558 1109 1759 1156 suctorio,

559 1187 692 1226 altera
721 1194 860 1225 autem
890 1187 1150 1224 extremitate
1179 1185 1388 1236 (caudae)
1417 1182 1586 1222 hamulo
1608 1186 1777 1238 instrus

560 1274 681 1303 ctum.
737 1261 839 1298 Icon
865 1261 908 1298 in
935 1259 1117 1311 plurima
1146 1275 1279 1314 opera
1308 1260 1439 1308 redit,
1467 1273 1546 1298 nec
1575 1269 1759 1298 contem-

555 1339 707 1377 nenda.
1088 1382 1093 1387 ¹

506 1425 592 1452 212.
623 1410 878 1450 Geschwiil‘e
906 1422 992 1448 von
1019 1410 1307 1449 Dracunculis.
1355 1412 1448 1450 Von
1474 1409 1600 1450 Rob.
1630 1407 1760 1448 Hut-

558 1489 765 1527 cheson
791 1485 879 1524 und
908 1485 1129 1537 George
1157 1484 1377 1536 Forbes,
1406 1489 1469 1524 in.-
1508 1486 1646 1537 (Med.
1673 1485 1757 1524 Ess.

558 1563 641 1601 and
661 1561 781 1600 Obss.
804 1560 861 1613 by
882 1573 905 1597 a
925 1560 1017 1597 Soc.
1047 1561 1091 1597 in
1111 1559 1257 1597 Edinb.
1287 1560 1374 1598 Vol.
1399 1563 1447 1600 V.
1477 1563 1521 1600 P.
1545 1574 1580 1599 2.
1608 1561 1756 1600 Edinb‘

558 1640 671 1688 1744.
701 1639 762 1687 8.)
801 1633 951 1672 Edinb.
980 1634 1089 1672 med.
1130 1621 1347 1673 Vei-suche
1384 1636 1474 1674 und
1500 1635 1759 1675 Bemerkun-

555 1725 650 1767 gen.
679 1712 715 1751 5.
744 1711 790 1748 B.
820 1723 843 1746 2
871 1709 948 1748 Th.
977 1720 1020 1760 p.
1053 1711 1310 1749 maz-1026.
1340 1711 1365 1734 ‘¹‘
1390 1711 1573 1749 Medeia.

503 1797 589 1836 215.
620 1786 749 1828 Carl
789 1799 895 1824 von
930 1781 1102 1823 Linne
1153 1798 1223 1822 om
1263 1786 1449 1823 Gordius
1486 1787 1753 1826 Medinensis.

552 1866 602 1904 In
629 1862 819 1902 Vetensk.
851 1860 976 1898 Acad.
1006 1860 1155 1898 Handl.
1193 1862 1301 1912 1763.
1331 1874 1370 1911 p.
1404 1865 1488 1914 147.
1518 1863 1544 1887 ³<
1594 1861 1754 1916 Regem

554 1940 632 1978 sibi
660 1937 871 1976 Gordium
897 1935 1183 1974 medinensem
1208 1947 1476 1986 monstrasse,
1502 1951 1642 1989 nuper
1667 1939 1754 1977 Go-

552 2013 753 2066 thoburgi
775 2015 916 2052 vivum
937 2021 1117 2063 captum,
1145 2012 1301 2063 pedem
1322 2012 1510 2067 longum,
1537 2013 1752 2064 pallidum.

551 2090 831 2130 Linnaeus
861 2097 975 2125 certe
1005 2086 1152 2126 colore
1181 2089 1291 2141 (quo
1319 2087 1437 2142 hujus
1466 2092 1631 2142 generis
1659 2105 1753 2142 spe-

553 2169 634 2205 cies
686 2162 989 2217 distinguebat)
1041 2163 1241 2215 deceptus
1283 2174 1366 2213 est,
1422 2168 1492 2217 qui
1538 2165 1750 2204 Gordium

544 2244 791 2295 ⁴aquaticum
818 2252 899 2289 pro
927 2238 1162 2278 medinensi
1199 2238 1395 2288 haberet,
1436 2249 1506 2277 aut
1533 2239 1641 2294 Regi
1669 2241 1749 2279 tale

550 2317 652 2371 quid
692 2315 965 2355 contendenti
1007 2315 1300 2354 contradicere
1327 2328 1415 2353 non
1444 2328 1593 2364 ausus,
1632 2316 1749 2368 quod

550 2392 603 2431 de
631 2395 722 2431 viro
750 2393 936 2443 ingenuo
963 2392 1098 2429 minus
1130 2400 1270 2429 tamen
1299 2391 1414 2429 credi
1441 2389 1550 2428 Hcet.

496 2473 582 2519 214.
611 2470 655 2507 Β.
694 2468 926 2506 Hussem
969 2465 1310 2520 Aanmerkingen
1348 2465 1616 2507 betreffende
1664 2466 1748 2506 den
1772 2500 1774 2503 .
