1801 3066
437 147 519 198 438

441 256 711 293 verminosae
740 250 990 291 observatae
1027 260 1136 291 sunt.
1189 251 1239 290 In
1273 251 1569 292 mammalibus
1604 253 1704 293 reli-

441 331 550 383 quis,
577 331 827 380 praesertim
868 341 996 376 cane,
1030 331 1196 379 saepius
1236 337 1478 377 occurrunt,
1519 337 1562 366 et
1596 341 1703 381 quos

440 405 486 442 in
514 414 658 442 marce
685 402 898 443 bronchiis
929 404 1115 442 adnexos
1144 405 1232 443 vidi
1268 404 1458 443 sacculos
1493 406 1707 443 vermino-

443 492 527 528 εοε,
555 479 639 518 huc
666 494 837 534 quoque
867 479 1089 519 traherem.
1134 478 1367 518 Glandulas
1383 479 1527 528 fuisse,
1555 464 1623 518 vix'
1643 479 1708 519 di-

445 569 601 604 cerem,
628 554 734 594 nihil
765 559 876 594 enirn
903 558 949 594 in
976 555 1057 593 illis
1085 563 1259 607 praeter
1289 553 1536 594 cellulosam
1562 556 1708 607 reperi

442 634 752 683 paucissimam,
773 645 899 684 quam
911 645 1074 670 vermes
1085 628 1392 683 perreptabant
1410 631 1707 682 copiosissimi,

443 715 489 745 et
513 707 595 744 Mo
609 710 867 761 rgagnius
895 720 985 745 non
1004 706 1224 760 glandulas
1247 720 1354 756 esse,
1382 706 1458 745 sed
1485 706 1708 747 tubercula

445 780 563 830 dura,
594 795 702 833 quae
729 784 775 820 in
802 781 1038 821 ventriculo
1058 784 1174 836 Lupi
1193 784 1341 835 piscis,
1369 782 1416 821 in
1445 781 1709 837 oesophago,

441 857 680 896 ventriculo
711 868 752 896 et
771 860 927 897 arteria
954 871 1109 912 magna
1145 860 1270 897 canis
1296 858 1508 898 vermibus
1535 859 1709 929 referta,

444 932 746 982 observaverit,
774 936 871 972 satis
900 947 1114 986 superque
1144 933 1460 974 demonstravit.
1506 934 1625 973 Haec
1644 921 1710 973 tu-

447 1006 631 1056 bercula,
668 1008 767 1047 loco
805 1011 971 1048 incerto
1006 1012 1320 1061 provenientia,
1354 1023 1483 1061 saepe
1520 1012 1604 1062 pisi
1641 1010 1711 1050 vel

446 1083 663 1123 avellanae
690 1088 824 1134 nucis,
852 1086 1069 1125 interdum
1099 1089 1225 1125 etiarn
1243 1084 1469 1138 juglandis,
1501 1089 1604 1139 quin
1623 1101 1711 1127 ma-

443 1160 581 1209 jorem
611 1163 822 1213 attingunt
849 1162 1197 1214 magnitudinem.
1253 1162 1447 1199 Hominis
1479 1163 1605 1199 etiam
1635 1176 1710 1201 oe-

445 1232 682 1289 sophagum
709 1235 926 1274 interdum
954 1235 1104 1274 similia
1133 1237 1433 1287 comprimunt,
1473 1248 1576 1275 num
1603 1251 1709 1293 vero

446 1321 611 1347 vermes
642 1313 901 1358 contineant,
940 1324 1029 1349 non
1068 1310 1330 1366 exploratum
1368 1319 1454 1360 est,
1492 1309 1632 1351 Forma
1670 1324 1713 1353 et

447 1382 548 1422 loco
580 1385 817 1427 eorundem
847 1386 1139 1454 consideratis,
1168 1386 1384 1425 interdum
1412 1397 1556 1426 tamen
1577 1391 1714 1429 conti-

448 1471 553 1499 nere
583 1462 865 1508 crediderim:
905 1462 1013 1501 conf.
1051 1463 1169 1501 Jani
1195 1461 1472 1502 Bleulaud
1508 1446 1617 1505 obss.
1656 1466 1713 1506 de

449 1550 551 1577 sana
579 1547 622 1576 et
656 1537 858 1577 moibosa
896 1538 1132 1592 oesophagi
1168 1547 1387 1579 structura.
1432 1539 1477 1577 L
1513 1540 1559 1579 Β.
1599 1547 1711 1595 1785.

448 1616 486 1661 4.
514 1626 556 1663 p.
587 1619 651 1657 38.
681 1627 797 1671 sequ.
827 1613 933 1652 Tab.
962 1614 1032 1653 VI.

557 1688 679 1740 Quae
714 1702 929 1741 equorum
963 1689 1124 1728 arteriis
1160 1691 1368 1740 insident,
1412 1690 1517 1729 mihi
1550 1662 1711 1743 pluries

452 1763 538 1801 visa
567 1773 678 1811 sunt,
709 1773 895 1802 ceterum
921 1764 1016 1816 plus
1044 1768 1182 1804 minus
1212 1766 1316 1804 dura
1326 1794 1340 1813 ,
1369 1775 1411 1804 et
1437 1774 1523 1803 tam
1550 1770 1721 1821 magni-

450 1839 602 1876 tudine
633 1853 757 1891 quam
785 1839 885 1878 loco
916 1839 1092 1878 diversa.
1164 1840 1256 1894 Ego
1285 1843 1332 1880 in
1369 1854 1576 1895 equorum
1604 1853 1714 1883 arte-

450 1916 521 1952 riis
564 1917 870 1963 mesentericis‚
918 1917 966 1954 in
1001 1904 1093 1967 ipsa
1132 1930 1181 1954 ex
1216 1927 1334 1956 aorta
1369 1903 1556 1972 origine,
1601 1919 1712 1967 vidi;

448 1990 800 2043 Mor'gagnius
829 1993 875 2029 in
904 2005 1023 2040 cane,
1050 1994 1173 2031 variis
1192 1992 1313 2041 locis,
1343 1995 1468 2031 etiam
1485 1994 1597 2033 infra
1613 2008 1712 2035 vasa

452 2064 711 2118 emulgentia
738 2068 910 2116 reperit.
963 2067 1056 2105 Istis
1094 2082 1143 2106 ex
1169 2067 1418 2118 tuberculis,
1453 2079 1500 2108 ut
1526 2072 1590 2108 vir
1614 2069 1711 2108 illu-

451 2142 543 2179 stris
570 2143 654 2193 jam
682 2142 944 2195 indigitavit,
971 2142 1301 2182 increscentibus
1339 2153 1380 2182 et
1414 2145 1643 2196 pressionis
1670 2147 1713 2184 vi

453 2231 547 2256 cum
583 2220 744 2256 arteriis
782 2217 954 2258 tandem
993 2218 1326 2268 confluentibus,
1370 2218 1438 2258 vel
1464 2222 1510 2258 in
1539 2220 1711 2259 easdem

448 2294 770 2346 penetrantibus
791 2304 1108 2347 aneurysmczca
1136 2297 1341 2343 oriuntur,
1367 2294 1616 2353 majoravel
1631 2296 1712 2334 mi-

449 2384 578 2419 nora,
615 2370 867 2422 peculiaria,
905 2372 1039 2408 minus
1069 2383 1117 2408 ac
1147 2369 1414 2420 debuissent,
1463 2373 1709 2410 examinata.

449 2446 689 2488 Tubercula
716 2450 752 2488 si
779 2448 1051 2495 dissecantur,
1081 2459 1176 2485 cum
1204 2448 1366 2486 arteriis
1396 2448 1711 2488 communican-
