1801 3066
472 172 553 223 446

472 291 552 332 par
581 275 860 316 consumsisse
890 275 1024 325 dicta,
1051 287 1143 316 non
1170 288 1338 324 moron
1376 290 1486 331 quae
1514 281 1559 318 in
1586 279 1739 321 biblio·

472 353 596 392 theca
626 355 690 405 (n.
719 352 808 401 480.
836 352 952 403 481.)
986 351 1039 390 de
1067 351 1219 391 iisdem
1249 352 1356 402 dixi,
1385 353 1606 393 sufficiant.

577 427 624 467 E.
678 428 821 466 Renes
847 436 933 465 tam
949 426 1171 465 hominum
1194 441 1320 480 quam
1355 430 1643 471 mammalitun
1669 446 1739 472 va-

471 505 633 542 riorum
660 504 827 554 saepius
859 504 1084 551 consumti,
1126 515 1379 555 vermesque
1425 506 1636 559 ingentes,
1675 490 1739 548 te-

470 581 624 618 retium
649 580 869 627 maximos,
899 581 1166 617 continentes
1184 577 1396 618 observati
1415 590 1526 630 sunt,
1556 578 1739 635 quorurn'

471 653 663 706 exempla
689 653 812 706 plura
839 655 886 692 in
920 652 1186 692 Bibliotheca
1220 664 1367 693 nostra
1405 658 1469 708 (n.
1499 657 1736 712 266-277.

469 739 512 770 et
538 744 578 768 n.
599 729 852 780 485—495.)
883 739 1053 768 exstant.
1110 730 1286 769 Vermes
1317 732 1401 779 isti,
1429 731 1647 787 Strongyli
1675 737 1737 789 gi·-

467 808 636 860 gantei,
663 817 753 844 non
780 818 877 844 raro
906 804 1066 855 pedem
1092 805 1162 845 vel
1196 805 1339 845 ulnam
1366 807 1638 862 longitudine
1666 824 1734 851 su-

464 892 664 935 perantes
695 891 737 920 et
763 894 844 932 pro
872 881 1077 932 portione
1106 884 1245 930 crassi,
1277 882 1447 932 colore,
1486 885 1659 937 quando
1686 888 1734 927 in

465 943 625 1006 inertis,
653 956 721 996 vel
751 958 886 1003 canis,
914 955 982 996 vel
1009 958 1179 1007 majoris
1211 959 1335 996 etiam
1373 958 1534 1000 bestiae
1555 961 1734 1009 'renibus

463 1035 670 1082 habitant,
713 1031 989 1084 utplurimum
1017 1035 1252 1085 sanguineo
1284 1033 1494 1074 observati
1522 1047 1640 1087 sunt,
1691 1045 1746 1089 ets

467 1113 638 1151 dissecti
665 1110 915 1161 sanguinem
944 1110 1070 1146 etiam
1098 1108 1292 1147 haustum
1322 1111 1569 1158 emiserunt3
1604 1127 1729 1154 renes

466 1197 609 1227 autem
644 1193 784 1222 tantos
822 1181 1011 1234 hospites
1047 1183 1241 1223 foventes
1277 1184 1392 1222 mole
1426 1188 1588 1237 majore
1628 1202 1730 1229 con-

465 1263 616 1314 spicui,
643 1261 755 1298 intus
787 1260 899 1296 erosi
926 1257 1069 1308 fuere,
1098 1272 1174 1297 seu
1199 1257 1307 1297 nihil
1334 1258 1590 1301 substantiae
1628 1265 1730 1316 (sal-

463 1348 551 1377 tem
578 1334 823 1375 medullaris
854 1333 1017 1384 dictae)
1045 1334 1257 1384 residuae,
1285 1335 1362 1375 sed
1381 1338 1567 1377 tunicam
1595 1349 1729 1379 exter-

460 1427 559 1455 nam
586 1413 678 1453 fere
706 1410 841 1451 solam
870 1409 1162 1450 exhibuerunt.

568 1492 747 1530 Vermes
777 1485 886 1526 hanc
911 1485 1059 1526 labem.
1083 1486 1295 1547 effecisse,
1331 1490 1398 1529 vix
1423 1488 1526 1545 fingi
1552 1497 1727 1545 poterit.

462 1568 512 1607 In
537 1564 711 1605 renibus
748 1565 858 1604 sanis
902 1564 1015 1601 enim
1049 1551 1269 1617 nunquam
1297 1578 1538 1618 occurrunt,
1583 1573 1618 1609 si
1644 1573 1727 1624 ipsi

463 1653 606 1681 tamen
633 1639 786 1679 horum
805 1638 1079 1678 substantiam
1100 1639 1387 1689 destruerent,
1415 1645 1460 1681 in
1479 1646 1588 1683 sanis
1607 1649 1725 1698 prin-

464 1719 622 1770 cipium
649 1716 781 1754 foret:
811 1716 904 1767 ipse
922 1726 1140 1767 nunquam
1159 1716 1227 1754 vel
1247 1715 1467 1771 hominum
1485 1717 1553 1758 vel
1572 1720 1726 1763 bestia-

460 1807 555 1833 rum
595 1792 802 1830 cadavera
839 1790 1042 1839 dissecui,
1084 1793 1189 1843 quin
1223 1804 1347 1830 renes
1385 1796 1723 1849 examinaverim,

462 1878 505 1907 et
530 1880 748 1920 nunquam
774 1878 937 1905 vermes
965 1867 1011 1904 in
1038 1865 1190 1904 iisdem
1219 1863 1405 1914 offendi;
1444 1873 1544 1910 vitia
1574 1886 1724 1915 eorum

459 1946 598 1994 varia,
626 1957 750 1983 renes
778 1944 961 1995 majores
989 1941 1140 1991 factos,
1172 1942 1455 1994 exulceratos,
1482 1960 1590 1999 pure
1620 1964 1723 1991 con-

461 2029 621 2059 sumtos
650 2020 763 2068 vidia,
799 2019 876 2057 sed
910 2017 1016 2057 haec
1052 2020 1194 2057 omnia
1231 2019 1285 2058 ad
1312 2028 1474 2061 vermes
1501 2037 1593 2063 non
1618 2026 1723 2066 faci-

457 2106 548 2134 unt.
617 2094 842 2134 Peculiaris
878 2098 1023 2147 itaque
1055 2107 1206 2134 renum
1244 2094 1443 2137 alienatio
1481 2104 1721 2141 necessaria

458 2171 641 2220 videtur,
670 2184 749 2224 qua
779 2172 861 2222 ipsi
889 2179 1158 2224 generentur.
1212 2172 1374 2210 Medici
1410 2186 1538 2226 saepe
1569 2176 1623 2214 de
1650 2179 1720 2217 via

459 2246 631 2286 solliciti
658 2246 794 2297 fuere,
822 2260 905 2300 qua
930 2258 1093 2286 vermes
1121 2249 1167 2286 in
1193 2259 1316 2286 renes
1339 2248 1407 2287 vel
1425 2252 1607 2289 vesicam
1633 2252 1719 2290 fer-

456 2333 629 2372 rentur,
671 2324 749 2363 secl
778 2336 898 2362 error
923 2324 970 2361 in
999 2337 1142 2362 caussa
1169 2322 1249 2361 fuit
1256 2350 1270 2375 2
1318 2338 1402 2377 quo
1430 2313 1595 2365 inducti
1625 2341 1718 2368 eos·
1773 2366 1778 2369 .

459 2397 559 2437 dem
588 2398 643 2437 ad
669 2398 916 2450 Ascaridem
942 2400 1132 2438 intestini
1166 2399 1494 2440 lumbricoidem
1528 2405 1717 2454 pertine—

456 2487 504 2512 re
532 2476 697 2526 opinati
724 2484 842 2522 sunt;
876 2477 941 2513 sui
968 2484 1109 2513 autem
1136 2478 1303 2528 generis
1333 2486 1423 2516 esse
1453 2477 1715 2517 demonstra-
