<?xml version="1.0" encoding="UTF-8"?>
<!DOCTYPE html PUBLIC "-//W3C//DTD XHTML 1.0 Transitional//EN"
    "http://www.w3.org/TR/xhtml1/DTD/xhtml1-transitional.dtd">
<html xmlns="http://www.w3.org/1999/xhtml" xml:lang="en" lang="en">
 <head>
  <title>
</title>
<meta http-equiv="Content-Type" content="text/html;charset=utf-8" />
  <meta name='ocr-system' content='tesseract 3.04.00' />
  <meta name='ocr-capabilities' content='ocr_page ocr_carea ocr_par ocr_line ocrx_word'/>
</head>
<body>
  <div class='ocr_page' id='page_1' title='image "./entozoorumsiveve11808rudo_0421.png"; bbox 0 0 1801 3066; ppageno 0'>
   <div class='ocr_carea' id='block_1_1' title="bbox 0 215 1337 2490">
    <p class='ocr_par' dir='ltr' id='par_1_1' title="bbox 0 215 1334 2396">
     <span class='ocr_line' id='line_1_1' title="bbox 1239 215 1316 262; baseline -0.026 -4"><span class='ocrx_word' id='word_1_1' title='bbox 1239 215 1316 262; x_wconf 82' lang='grc'><strong>537</strong></span> 
     </span>
     <span class='ocr_line' id='line_1_2' title="bbox 57 303 1319 364; baseline -0.002 -18"><span class='ocrx_word' id='word_1_2' title='bbox 57 306 310 346; x_wconf 75' lang='lat' dir='ltr'>bibliotheca</span> <span class='ocrx_word' id='word_1_3' title='bbox 335 307 488 359; x_wconf 83' lang='lat' dir='ltr'><strong>passim</strong></span> <span class='ocrx_word' id='word_1_4' title='bbox 512 303 691 354; x_wconf 53' lang='lat' dir='ltr'><strong>telatum</strong></span> <span class='ocrx_word' id='word_1_5' title='bbox 721 310 795 350; x_wconf 89' lang='lat' dir='ltr'><strong>est,</strong></span> <span class='ocrx_word' id='word_1_6' title='bbox 826 311 865 360; x_wconf 77' lang='lat' dir='ltr'><strong>et</strong></span> <span class='ocrx_word' id='word_1_7' title='bbox 889 315 1101 347; x_wconf 81' lang='lat' dir='ltr'>auctorem</span> <span class='ocrx_word' id='word_1_8' title='bbox 1124 310 1319 364; x_wconf 79' lang='lat' dir='ltr'><strong>Hippo-</strong></span> 
     </span>
     <span class='ocr_line' id='line_1_3' title="bbox 56 378 1318 436; baseline 0.004 -14"><span class='ocrx_word' id='word_1_9' title='bbox 56 387 316 422; x_wconf 83' lang='lat' dir='ltr'><strong>craticum</strong></span> <span class='ocrx_word' id='word_1_10' title='bbox 345 381 546 418; x_wconf 81' lang='lat' dir='ltr'><strong>Taeniam</strong></span> <span class='ocrx_word' id='word_1_11' title='bbox 575 392 667 417; x_wconf 91' lang='lat' dir='ltr'><strong>cum</strong></span> <span class='ocrx_word' id='word_1_12' title='bbox 698 378 869 417; x_wconf 87' lang='lat' dir='ltr'><strong>homine</strong></span> <span class='ocrx_word' id='word_1_13' title='bbox 906 384 1021 419; x_wconf 82' lang='lat' dir='ltr'><strong>nasci</strong></span> <span class='ocrx_word' id='word_1_14' title='bbox 1058 396 1318 436; x_wconf 80' lang='lat' dir='ltr'><strong>asserentem,</strong></span> 
     </span>
     <span class='ocr_line' id='line_1_4' title="bbox 55 449 1321 510; baseline 0.005 -11"><span class='ocrx_word' id='word_1_15' title='bbox 55 460 138 498; x_wconf 91' lang='lat' dir='ltr'><strong>hoc</strong></span> <span class='ocrx_word' id='word_1_16' title='bbox 168 461 406 507; x_wconf 83' lang='lat' dir='ltr'><strong>conjectura</strong></span> <span class='ocrx_word' id='word_1_17' title='bbox 433 449 590 510; x_wconf 82' lang='lat' dir='ltr'><strong>magis,</strong></span> <span class='ocrx_word' id='word_1_18' title='bbox 635 468 760 508; x_wconf 84' lang='lat' dir='ltr'><strong>quam</strong></span> <span class='ocrx_word' id='word_1_19' title='bbox 804 455 1097 495; x_wconf 80' lang='lat' dir='ltr'><strong>observatione</strong></span> <span class='ocrx_word' id='word_1_20' title='bbox 1142 463 1321 505; x_wconf 87' lang='lat' dir='ltr'>innisum</span> 
     </span>
     <span class='ocr_line' id='line_1_5' title="bbox 57 517 1322 584; baseline -0.001 -10"><span class='ocrx_word' id='word_1_21' title='bbox 57 534 333 577; x_wconf 78' lang='lat' dir='ltr'><strong>crediderim3</strong></span> <span class='ocrx_word' id='word_1_22' title='bbox 373 532 428 570; x_wconf 89' lang='lat' dir='ltr'><strong>ob</strong></span> <span class='ocrx_word' id='word_1_23' title='bbox 469 544 674 570; x_wconf 82' lang='lat' dir='ltr'><strong>summam</strong></span> <span class='ocrx_word' id='word_1_24' title='bbox 715 534 824 570; x_wconf 88' lang='lat' dir='ltr'><strong>enim</strong></span> <span class='ocrx_word' id='word_1_25' title='bbox 861 544 988 584; x_wconf 82' lang='lat' dir='ltr'><strong>quam</strong></span> <span class='ocrx_word' id='word_1_26' title='bbox 1016 531 1121 572; x_wconf 88' lang='lat' dir='ltr'><strong>illud</strong></span> <span class='ocrx_word' id='word_1_27' title='bbox 1150 517 1322 580; x_wconf 65' lang='lat' dir='ltr'><strong>animal-</strong></span> 
     </span>
     <span class='ocr_line' id='line_1_6' title="bbox 56 606 1323 667; baseline -0.002 -18"><span class='ocrx_word' id='word_1_28' title='bbox 56 610 196 649; x_wconf 88' lang='lat' dir='ltr'><strong>culum</strong></span> <span class='ocrx_word' id='word_1_29' title='bbox 227 610 400 662; x_wconf 75' lang='lat' dir='ltr'><strong>attingat</strong></span> <span class='ocrx_word' id='word_1_30' title='bbox 426 606 755 661; x_wconf 85' lang='lat' dir='ltr'>longitudinem,</span> <span class='ocrx_word' id='word_1_31' title='bbox 785 621 912 659; x_wconf 81' lang='lat' dir='ltr'><strong>saepe</strong></span> <span class='ocrx_word' id='word_1_32' title='bbox 941 609 1138 649; x_wconf 83' lang='lat' dir='ltr'><strong>intestino</strong></span> <span class='ocrx_word' id='word_1_33' title='bbox 1170 626 1323 667; x_wconf 69' lang='lat' dir='ltr'><strong>aequa-</strong></span> 
     </span>
     <span class='ocr_line' id='line_1_7' title="bbox 53 680 1325 740; baseline 0 -17"><span class='ocrx_word' id='word_1_34' title='bbox 53 685 164 733; x_wconf 87' lang='lat' dir='ltr'><strong>lem,</strong></span> <span class='ocrx_word' id='word_1_35' title='bbox 194 697 290 724; x_wconf 87' lang='lat' dir='ltr'><strong>cum</strong></span> <span class='ocrx_word' id='word_1_36' title='bbox 324 684 406 721; x_wconf 84' lang='lat' dir='ltr'><strong>hoc</strong></span> <span class='ocrx_word' id='word_1_37' title='bbox 433 680 556 721; x_wconf 86' lang='lat' dir='ltr'><strong>simul</strong></span> <span class='ocrx_word' id='word_1_38' title='bbox 597 693 734 721; x_wconf 87' lang='lat' dir='ltr'><strong>ortum</strong></span> <span class='ocrx_word' id='word_1_39' title='bbox 761 684 887 722; x_wconf 85' lang='lat' dir='ltr'><strong>fuisse</strong></span> <span class='ocrx_word' id='word_1_40' title='bbox 916 697 966 723; x_wconf 92' lang='lat' dir='ltr'><strong>eo</strong></span> <span class='ocrx_word' id='word_1_41' title='bbox 996 689 1127 739; x_wconf 84' lang='lat' dir='ltr'><strong>magis</strong></span> <span class='ocrx_word' id='word_1_42' title='bbox 1153 702 1325 740; x_wconf 71' lang='lat' dir='ltr'><strong>persua-</strong></span> 
     </span>
     <span class='ocr_line' id='line_1_8' title="bbox 57 758 1325 813; baseline 0.005 -13"><span class='ocrx_word' id='word_1_43' title='bbox 57 775 147 800; x_wconf 85' lang='lat' dir='ltr'><strong>sum</strong></span> <span class='ocrx_word' id='word_1_44' title='bbox 177 768 287 807; x_wconf 84' lang='lat' dir='ltr'><strong>erat,</strong></span> <span class='ocrx_word' id='word_1_45' title='bbox 332 758 449 813; x_wconf 86' lang='lat' dir='ltr'><strong>quod</strong></span> <span class='ocrx_word' id='word_1_46' title='bbox 484 758 686 797; x_wconf 82' lang='lat' dir='ltr'><strong>Taeniam</strong></span> <span class='ocrx_word' id='word_1_47' title='bbox 732 761 902 799; x_wconf 89' lang='lat' dir='ltr'><strong>nonnisi</strong></span> <span class='ocrx_word' id='word_1_48' title='bbox 948 764 1114 801; x_wconf 88' lang='lat' dir='ltr'><strong>tunicae</strong></span> <span class='ocrx_word' id='word_1_49' title='bbox 1153 765 1325 806; x_wconf 74' lang='lat' dir='ltr'>villosae</span> 
     </span>
     <span class='ocr_line' id='line_1_9' title="bbox 57 836 1327 882; baseline 0.001 -7"><span class='ocrx_word' id='word_1_50' title='bbox 57 838 280 875; x_wconf 81' lang='lat' dir='ltr'><strong>abrasione</strong></span> <span class='ocrx_word' id='word_1_51' title='bbox 308 837 406 873; x_wconf 85' lang='lat' dir='ltr'><strong>oriri</strong></span> <span class='ocrx_word' id='word_1_52' title='bbox 433 843 645 874; x_wconf 78' lang='lat' dir='ltr'><strong>statueret.</strong></span> <span class='ocrx_word' id='word_1_53' title='bbox 698 837 797 875; x_wconf 89' lang='lat' dir='ltr'><strong>Non</strong></span> <span class='ocrx_word' id='word_1_54' title='bbox 833 836 982 875; x_wconf 85' lang='lat' dir='ltr'><strong>desunt</strong></span> <span class='ocrx_word' id='word_1_55' title='bbox 1015 847 1157 879; x_wconf 85' lang='lat' dir='ltr'><strong>tamen</strong></span> <span class='ocrx_word' id='word_1_56' title='bbox 1192 856 1327 882; x_wconf 86' lang='lat' dir='ltr'><strong>exem.</strong></span> 
     </span>
     <span class='ocr_line' id='line_1_10' title="bbox 57 911 1324 978; baseline 0.006 -27"><span class='ocrx_word' id='word_1_57' title='bbox 57 914 128 966; x_wconf 85' lang='lat' dir='ltr'><strong>pla</strong></span> <span class='ocrx_word' id='word_1_58' title='bbox 157 913 240 951; x_wconf 81' lang='lat' dir='ltr'><strong>fide</strong></span> <span class='ocrx_word' id='word_1_59' title='bbox 279 913 415 964; x_wconf 79' lang='lat' dir='ltr'><strong>digna.</strong></span> <span class='ocrx_word' id='word_1_60' title='bbox 471 911 538 948; x_wconf 90' lang='lat' dir='ltr'><strong>Sic</strong></span> <span class='ocrx_word' id='word_1_61' title='bbox 581 912 629 950; x_wconf 88' lang='lat' dir='ltr'><strong>cl.</strong></span> <span class='ocrx_word' id='word_1_62' title='bbox 671 914 951 951; x_wconf 79' lang='lat' dir='ltr'><strong>Fromman</strong></span> <span class='ocrx_word' id='word_1_63' title='bbox 981 914 1109 961; x_wconf 80' lang='lat' dir='ltr'><strong>(Bibl.</strong></span> <span class='ocrx_word' id='word_1_64' title='bbox 1138 930 1178 956; x_wconf 92' lang='lat' dir='ltr'><strong>n.</strong></span> <span class='ocrx_word' id='word_1_65' title='bbox 1208 924 1324 978; x_wconf 49' lang='lat'>2944.)</span> 
     </span>
     <span class='ocr_line' id='line_1_11' title="bbox 57 987 1328 1041; baseline -0.002 -13"><span class='ocrx_word' id='word_1_66' title='bbox 57 990 250 1028; x_wconf 87' lang='lat' dir='ltr'><strong>foetuum</strong></span> <span class='ocrx_word' id='word_1_67' title='bbox 287 987 508 1027; x_wconf 86' lang='lat' dir='ltr'><strong>ovillorum</strong></span> <span class='ocrx_word' id='word_1_68' title='bbox 536 997 659 1025; x_wconf 88' lang='lat' dir='ltr'><strong>utero</strong></span> <span class='ocrx_word' id='word_1_69' title='bbox 698 988 957 1025; x_wconf 82' lang='lat' dir='ltr'><strong>inclusorum</strong></span> <span class='ocrx_word' id='word_1_70' title='bbox 995 988 1147 1041; x_wconf 82' lang='lat' dir='ltr'><strong>hepate</strong></span> <span class='ocrx_word' id='word_1_71' title='bbox 1174 993 1328 1032; x_wconf 76' lang='lat' dir='ltr'><strong>Disco-</strong></span> 
     </span>
     <span class='ocr_line' id='line_1_12' title="bbox 59 1061 1327 1117; baseline 0.002 -14"><span class='ocrx_word' id='word_1_72' title='bbox 59 1075 190 1103; x_wconf 78' lang='lat' dir='ltr'><strong>mata</strong></span> <span class='ocrx_word' id='word_1_73' title='bbox 218 1065 457 1117; x_wconf 59' lang='lat' dir='ltr'><strong>&amp;epatica,·</strong></span> <span class='ocrx_word' id='word_1_74' title='bbox 485 1061 784 1117; x_wconf 85' lang='lat' dir='ltr'><strong>Kerckring</strong></span> <span class='ocrx_word' id='word_1_75' title='bbox 812 1064 931 1116; x_wconf 83' lang='lat' dir='ltr'><strong>(Bibl.</strong></span> <span class='ocrx_word' id='word_1_76' title='bbox 959 1079 1000 1103; x_wconf 91' lang='lat' dir='ltr'><strong>n.</strong></span> <span class='ocrx_word' id='word_1_77' title='bbox 1034 1067 1136 1117; x_wconf 82' lang='lat'><strong>125.)</strong></span> <span class='ocrx_word' id='word_1_78' title='bbox 1165 1071 1210 1107; x_wconf 88' lang='lat' dir='ltr'><strong>in</strong></span> <span class='ocrx_word' id='word_1_79' title='bbox 1236 1069 1327 1109; x_wconf 86' lang='lat' dir='ltr'><strong>foe-</strong></span> 
     </span>
     <span class='ocr_line' id='line_1_13' title="bbox 59 1137 1325 1186; baseline 0.004 -6"><span class='ocrx_word' id='word_1_80' title='bbox 59 1152 123 1180; x_wconf 87' lang='lat' dir='ltr'><strong>tus</strong></span> <span class='ocrx_word' id='word_1_81' title='bbox 152 1141 325 1179; x_wconf 84' lang='lat' dir='ltr'><strong>humani</strong></span> <span class='ocrx_word' id='word_1_82' title='bbox 369 1153 441 1178; x_wconf 76' lang='lat' dir='ltr'><strong>sex</strong></span> <span class='ocrx_word' id='word_1_83' title='bbox 486 1152 581 1178; x_wconf 77' lang='lat' dir='ltr'><strong>eum</strong></span> <span class='ocrx_word' id='word_1_84' title='bbox 629 1137 804 1177; x_wconf 80' lang='lat' dir='ltr'><strong>dimidio</strong></span> <span class='ocrx_word' id='word_1_85' title='bbox 850 1144 1058 1179; x_wconf 88' lang='lat' dir='ltr'><strong>mensium</strong></span> <span class='ocrx_word' id='word_1_86' title='bbox 1094 1145 1325 1186; x_wconf 86' lang='lat' dir='ltr'><strong>ventriculo</strong></span> 
     </span>
     <span class='ocr_line' id='line_1_14' title="bbox 0 1213 1325 1268; baseline 0.005 -13"><span class='ocrx_word' id='word_1_87' title='bbox 0 1225 12 1233; x_wconf 50' lang='lat'>⁸</span> <span class='ocrx_word' id='word_1_88' title='bbox 57 1215 303 1255; x_wconf 55' lang='lat' dir='ltr'><strong>Asczzrides</strong></span> <span class='ocrx_word' id='word_1_89' title='bbox 337 1213 679 1258; x_wconf 72' lang='lat' dir='ltr'><strong>lumbricoides;</strong></span> <span class='ocrx_word' id='word_1_90' title='bbox 724 1214 1043 1257; x_wconf 80' lang='lat' dir='ltr'><strong>Brendelius</strong></span> <span class='ocrx_word' id='word_1_91' title='bbox 1083 1224 1212 1268; x_wconf 85' lang='lat' dir='ltr'><strong>(teste</strong></span> <span class='ocrx_word' id='word_1_92' title='bbox 1248 1222 1325 1261; x_wconf 91' lang='lat' dir='ltr'><strong>cel.</strong></span> 
     </span>
     <span class='ocr_line' id='line_1_15' title="bbox 58 1291 1326 1343; baseline 0.002 -11"><span class='ocrx_word' id='word_1_93' title='bbox 58 1293 232 1332; x_wconf 84' lang='lat' dir='ltr'><strong>Pallas</strong></span> <span class='ocrx_word' id='word_1_94' title='bbox 261 1292 287 1330; x_wconf 89' lang='lat' dir='ltr'><strong>l.</strong></span> <span class='ocrx_word' id='word_1_95' title='bbox 318 1305 351 1329; x_wconf 82' lang='lat' dir='ltr'><strong>c.</strong></span> <span class='ocrx_word' id='word_1_96' title='bbox 381 1306 422 1343; x_wconf 86' lang='lat' dir='ltr'><strong>p.</strong></span> <span class='ocrx_word' id='word_1_97' title='bbox 451 1298 534 1342; x_wconf 74' lang='lat'><strong>45.)</strong></span> <span class='ocrx_word' id='word_1_98' title='bbox 563 1294 607 1328; x_wconf 87' lang='lat' dir='ltr'><strong>in</strong></span> <span class='ocrx_word' id='word_1_99' title='bbox 633 1291 753 1328; x_wconf 83' lang='lat' dir='ltr'><strong>foetu</strong></span> <span class='ocrx_word' id='word_1_100' title='bbox 782 1291 966 1331; x_wconf 75' lang='lat' dir='ltr'><strong>humano</strong></span> <span class='ocrx_word' id='word_1_101' title='bbox 996 1296 1196 1342; x_wconf 36' lang='lat' dir='ltr'><strong>:nondum</strong></span> <span class='ocrx_word' id='word_1_102' title='bbox 1225 1307 1326 1335; x_wconf 85' lang='lat' dir='ltr'><strong>nato</strong></span> 
     </span>
     <span class='ocr_line' id='line_1_16' title="bbox 67 1366 1326 1422; baseline 0.003 -17"><span class='ocrx_word' id='word_1_103' title='bbox 67 1369 278 1409; x_wconf 66' lang='lat' dir='ltr'><strong>Taeniasf</strong></span> <span class='ocrx_word' id='word_1_104' title='bbox 308 1367 458 1405; x_wconf 85' lang='lat' dir='ltr'><strong>Heim</strong></span> <span class='ocrx_word' id='word_1_105' title='bbox 488 1369 608 1417; x_wconf 86' lang='lat' dir='ltr'><strong>(teste</strong></span> <span class='ocrx_word' id='word_1_106' title='bbox 629 1366 700 1404; x_wconf 90' lang='lat' dir='ltr'><strong>cel.</strong></span> <span class='ocrx_word' id='word_1_107' title='bbox 722 1366 808 1404; x_wconf 88' lang='lat' dir='ltr'><strong>Blo</strong></span> <span class='ocrx_word' id='word_1_108' title='bbox 822 1367 879 1405; x_wconf 89' lang='lat' dir='ltr'><strong>ch</strong></span> <span class='ocrx_word' id='word_1_109' title='bbox 901 1368 1159 1408; x_wconf 70' lang='lat' dir='ltr'><strong>Preisschrift</strong></span> <span class='ocrx_word' id='word_1_110' title='bbox 1185 1385 1228 1422; x_wconf 89' lang='lat' dir='ltr'><strong>p.</strong></span> <span class='ocrx_word' id='word_1_111' title='bbox 1244 1373 1326 1421; x_wconf 78' lang='lat'><strong>56.)</strong></span> 
     </span>
     <span class='ocr_line' id='line_1_17' title="bbox 63 1442 1327 1496; baseline 0.002 -13"><span class='ocrx_word' id='word_1_112' title='bbox 63 1448 106 1483; x_wconf 89' lang='lat' dir='ltr'><strong>in</strong></span> <span class='ocrx_word' id='word_1_113' title='bbox 133 1444 254 1481; x_wconf 84' lang='lat' dir='ltr'><strong>foetu</strong></span> <span class='ocrx_word' id='word_1_114' title='bbox 289 1450 477 1480; x_wconf 85' lang='lat' dir='ltr'><strong>neonato</strong></span> <span class='ocrx_word' id='word_1_115' title='bbox 518 1442 759 1483; x_wconf 78' lang='lat' dir='ltr'><strong>Taeniam:</strong></span> <span class='ocrx_word' id='word_1_116' title='bbox 803 1443 1167 1484; x_wconf 80' lang='lat' dir='ltr'><strong>Blumenbach</strong></span> <span class='ocrx_word' id='word_1_117' title='bbox 1207 1446 1327 1496; x_wconf 82' lang='lat' dir='ltr'><strong>(Bibl.</strong></span> 
     </span>
     <span class='ocr_line' id='line_1_18' title="bbox 63 1518 1329 1569; baseline 0.004 -12"><span class='ocrx_word' id='word_1_118' title='bbox 63 1534 106 1561; x_wconf 79' lang='lat' dir='ltr'><strong>n.</strong></span> <span class='ocrx_word' id='word_1_119' title='bbox 139 1529 198 1566; x_wconf 81' lang='lat'><strong>15.</strong></span> <span class='ocrx_word' id='word_1_120' title='bbox 228 1522 271 1556; x_wconf 90' lang='lat' dir='ltr'><strong>in</strong></span> <span class='ocrx_word' id='word_1_121' title='bbox 299 1519 365 1556; x_wconf 88' lang='lat' dir='ltr'><strong>ed.</strong></span> <span class='ocrx_word' id='word_1_122' title='bbox 394 1521 542 1569; x_wconf 81' lang='lat' dir='ltr'><strong>prior.)</strong></span> <span class='ocrx_word' id='word_1_123' title='bbox 571 1521 615 1555; x_wconf 84' lang='lat' dir='ltr'><strong>in</strong></span> <span class='ocrx_word' id='word_1_124' title='bbox 645 1518 779 1556; x_wconf 83' lang='lat' dir='ltr'><strong>catelli</strong></span> <span class='ocrx_word' id='word_1_125' title='bbox 806 1522 977 1557; x_wconf 82' lang='lat' dir='ltr'><strong>neonati</strong></span> <span class='ocrx_word' id='word_1_126' title='bbox 997 1522 1196 1561; x_wconf 88' lang='lat' dir='ltr'><strong>intestino</strong></span> <span class='ocrx_word' id='word_1_127' title='bbox 1220 1526 1329 1562; x_wconf 75' lang='lat' dir='ltr'><strong>Tae·</strong></span> 
     </span>
     <span class='ocr_line' id='line_1_19' title="bbox 64 1594 1329 1651; baseline 0.003 -17"><span class='ocrx_word' id='word_1_128' title='bbox 64 1597 163 1634; x_wconf 79' lang='lat' dir='ltr'><strong>nias</strong></span> <span class='ocrx_word' id='word_1_129' title='bbox 188 1594 403 1646; x_wconf 82' lang='lat' dir='ltr'><strong>plurimas,</strong></span> <span class='ocrx_word' id='word_1_130' title='bbox 432 1596 699 1639; x_wconf 80' lang='lat' dir='ltr'><strong>invenerunt;</strong></span> <span class='ocrx_word' id='word_1_131' title='bbox 739 1595 918 1633; x_wconf 86' lang='lat' dir='ltr'><strong>Goeze</strong></span> <span class='ocrx_word' id='word_1_132' title='bbox 960 1595 1258 1651; x_wconf 84' lang='lat' dir='ltr'><strong>(Naturgesch.</strong></span> <span class='ocrx_word' id='word_1_133' title='bbox 1287 1614 1329 1651; x_wconf 89' lang='lat' dir='ltr'><strong>p.</strong></span> 
     </span>
     <span class='ocr_line' id='line_1_20' title="bbox 63 1666 1332 1726; baseline 0.002 -14"><span class='ocrx_word' id='word_1_134' title='bbox 63 1672 171 1726; x_wconf 75' lang='lat'>371.)</span> <span class='ocrx_word' id='word_1_135' title='bbox 201 1666 368 1708; x_wconf 89' lang='lat' dir='ltr'>Bloch</span> <span class='ocrx_word' id='word_1_136' title='bbox 398 1669 440 1719; x_wconf 84' lang='lat' dir='ltr'><strong>(l.</strong></span> <span class='ocrx_word' id='word_1_137' title='bbox 471 1669 520 1721; x_wconf 91' lang='lat' dir='ltr'><strong>c.)</strong></span> <span class='ocrx_word' id='word_1_138' title='bbox 550 1677 589 1708; x_wconf 88' lang='lat' dir='ltr'><strong>et</strong></span> <span class='ocrx_word' id='word_1_139' title='bbox 617 1683 695 1724; x_wconf 80' lang='lat' dir='ltr'><strong>ego</strong></span> <span class='ocrx_word' id='word_1_140' title='bbox 723 1672 767 1707; x_wconf 84' lang='lat' dir='ltr'><strong>in</strong></span> <span class='ocrx_word' id='word_1_141' title='bbox 796 1673 909 1724; x_wconf 83' lang='lat' dir='ltr'><strong>agnis</strong></span> <span class='ocrx_word' id='word_1_142' title='bbox 945 1670 1194 1713; x_wconf 88' lang='lat' dir='ltr'><strong>lactentibus</strong></span> <span class='ocrx_word' id='word_1_143' title='bbox 1224 1673 1332 1714; x_wconf 88' lang='lat' dir='ltr'><strong>Tae-</strong></span> 
     </span>
     <span class='ocr_line' id='line_1_21' title="bbox 63 1749 1333 1805; baseline 0.005 -20"><span class='ocrx_word' id='word_1_144' title='bbox 63 1751 153 1786; x_wconf 84' lang='lat' dir='ltr'><strong>nias</strong></span> <span class='ocrx_word' id='word_1_145' title='bbox 182 1760 337 1799; x_wconf 85' lang='lat' dir='ltr'><strong>easque</strong></span> <span class='ocrx_word' id='word_1_146' title='bbox 364 1749 559 1784; x_wconf 80' lang='lat' dir='ltr'><strong>maximas</strong></span> <span class='ocrx_word' id='word_1_147' title='bbox 583 1760 709 1798; x_wconf 82' lang='lat' dir='ltr'><strong>saepe</strong></span> <span class='ocrx_word' id='word_1_148' title='bbox 730 1750 982 1798; x_wconf 76' lang='lat' dir='ltr'><strong>reperimus3</strong></span> <span class='ocrx_word' id='word_1_149' title='bbox 1011 1752 1055 1788; x_wconf 89' lang='lat' dir='ltr'><strong>in</strong></span> <span class='ocrx_word' id='word_1_150' title='bbox 1077 1753 1215 1790; x_wconf 83' lang='lat' dir='ltr'><strong>avium</strong></span> <span class='ocrx_word' id='word_1_151' title='bbox 1238 1751 1333 1805; x_wconf 89' lang='lat' dir='ltr'><strong>pul·</strong></span> 
     </span>
     <span class='ocr_line' id='line_1_22' title="bbox 66 1823 1333 1875; baseline 0.004 -13"><span class='ocrx_word' id='word_1_152' title='bbox 66 1827 113 1862; x_wconf 86' lang='lat' dir='ltr'><strong>lis</strong></span> <span class='ocrx_word' id='word_1_153' title='bbox 142 1824 231 1862; x_wconf 87' lang='lat' dir='ltr'><strong>fere</strong></span> <span class='ocrx_word' id='word_1_154' title='bbox 261 1823 523 1874; x_wconf 86' lang='lat' dir='ltr'><strong>deplumibus</strong></span> <span class='ocrx_word' id='word_1_155' title='bbox 552 1825 641 1874; x_wconf 90' lang='lat' dir='ltr'><strong>ipse</strong></span> <span class='ocrx_word' id='word_1_156' title='bbox 677 1826 842 1874; x_wconf 82' lang='lat' dir='ltr'><strong>saepius</strong></span> <span class='ocrx_word' id='word_1_157' title='bbox 878 1824 1117 1864; x_wconf 84' lang='lat' dir='ltr'><strong>Distomata</strong></span> <span class='ocrx_word' id='word_1_158' title='bbox 1145 1828 1252 1875; x_wconf 90' lang='lat' dir='ltr'><strong>vidi,</strong></span> <span class='ocrx_word' id='word_1_159' title='bbox 1292 1837 1333 1867; x_wconf 89' lang='lat' dir='ltr'><strong>et</strong></span> 
     </span>
     <span class='ocr_line' id='line_1_23' title="bbox 69 1898 1332 1956; baseline 0.004 -17"><span class='ocrx_word' id='word_1_160' title='bbox 69 1900 255 1952; x_wconf 77' lang='lat' dir='ltr'><strong>exempla</strong></span> <span class='ocrx_word' id='word_1_161' title='bbox 272 1899 477 1950; x_wconf 84' lang='lat' dir='ltr'><strong>ejusmodi</strong></span> <span class='ocrx_word' id='word_1_162' title='bbox 488 1898 669 1949; x_wconf 83' lang='lat' dir='ltr'><strong>plurima</strong></span> <span class='ocrx_word' id='word_1_163' title='bbox 687 1908 856 1947; x_wconf 79' lang='lat' dir='ltr'><strong>exstant,</strong></span> <span class='ocrx_word' id='word_1_164' title='bbox 870 1899 1102 1940; x_wconf 80' lang='lat' dir='ltr'><strong>indubitata</strong></span> <span class='ocrx_word' id='word_1_165' title='bbox 1123 1903 1332 1956; x_wconf 82' lang='lat' dir='ltr'><strong>quaedam</strong></span> 
     </span>
     <span class='ocr_line' id='line_1_24' title="bbox 68 1973 1331 2030; baseline 0.002 -14"><span class='ocrx_word' id='word_1_166' title='bbox 68 1977 262 2030; x_wconf 79' lang='lat' dir='ltr'><strong>selegisse</strong></span> <span class='ocrx_word' id='word_1_167' title='bbox 311 1973 413 2012; x_wconf 85' lang='lat' dir='ltr'><strong>mihi</strong></span> <span class='ocrx_word' id='word_1_168' title='bbox 458 1974 619 2013; x_wconf 80' lang='lat' dir='ltr'><strong>sufficit.</strong></span> <span class='ocrx_word' id='word_1_169' title='bbox 674 1976 723 2014; x_wconf 89' lang='lat' dir='ltr'><strong>In</strong></span> <span class='ocrx_word' id='word_1_170' title='bbox 777 1975 1075 2030; x_wconf 81' lang='lat' dir='ltr'><strong>embryonibus</strong></span> <span class='ocrx_word' id='word_1_171' title='bbox 1120 1982 1331 2019; x_wconf 85' lang='lat' dir='ltr'><strong>variorum</strong></span> 
     </span>
     <span class='ocr_line' id='line_1_25' title="bbox 69 2038 1332 2107; baseline 0.002 -14"><span class='ocrx_word' id='word_1_172' title='bbox 69 2053 312 2093; x_wconf 84' lang='lat' dir='ltr'><strong>animalium</strong></span> <span class='ocrx_word' id='word_1_173' title='bbox 340 2053 393 2106; x_wconf 66' lang='lat' dir='ltr'><strong>(v.</strong></span> <span class='ocrx_word' id='word_1_174' title='bbox 424 2065 457 2090; x_wconf 88' lang='lat' dir='ltr'><strong>c.</strong></span> <span class='ocrx_word' id='word_1_175' title='bbox 489 2053 679 2099; x_wconf 81' lang='lat' dir='ltr'><strong>erinacei,</strong></span> <span class='ocrx_word' id='word_1_176' title='bbox 709 2050 869 2104; x_wconf 80' lang='lat' dir='ltr'><strong>talpae,</strong></span> <span class='ocrx_word' id='word_1_177' title='bbox 906 2055 1023 2100; x_wconf 83' lang='lat' dir='ltr'><strong>ratti,</strong></span> <span class='ocrx_word' id='word_1_178' title='bbox 1053 2038 1172 2107; x_wconf 85' lang='lat' dir='ltr'><strong>equi,</strong></span> <span class='ocrx_word' id='word_1_179' title='bbox 1201 2054 1332 2105; x_wconf 77' lang='lat' dir='ltr'><strong>bovis,</strong></span> 
     </span>
     <span class='ocr_line' id='line_1_26' title="bbox 71 2126 1333 2184; baseline 0.004 -17"><span class='ocrx_word' id='word_1_180' title='bbox 71 2129 167 2184; x_wconf 72' lang='lat' dir='ltr'><strong>galli</strong></span> <span class='ocrx_word' id='word_1_181' title='bbox 196 2129 431 2176; x_wconf 76' lang='lat' dir='ltr'><strong>domestici)</strong></span> <span class='ocrx_word' id='word_1_182' title='bbox 459 2126 749 2175; x_wconf 84' lang='lat' dir='ltr'><strong>tenerioribus,</strong></span> <span class='ocrx_word' id='word_1_183' title='bbox 791 2127 873 2166; x_wconf 86' lang='lat' dir='ltr'><strong>huc</strong></span> <span class='ocrx_word' id='word_1_184' title='bbox 915 2139 1051 2182; x_wconf 86' lang='lat' dir='ltr'><strong>usque</strong></span> <span class='ocrx_word' id='word_1_185' title='bbox 1092 2143 1115 2169; x_wconf 82' lang='lat' dir='ltr'><strong>a</strong></span> <span class='ocrx_word' id='word_1_186' title='bbox 1154 2144 1224 2170; x_wconf 87' lang='lat' dir='ltr'><strong>me</strong></span> <span class='ocrx_word' id='word_1_187' title='bbox 1253 2134 1333 2172; x_wconf 88' lang='lat' dir='ltr'><strong>dis-</strong></span> 
     </span>
     <span class='ocr_line' id='line_1_27' title="bbox 70 2207 1333 2258; baseline 0.005 -16"><span class='ocrx_word' id='word_1_188' title='bbox 70 2207 205 2252; x_wconf 87' lang='lat' dir='ltr'><strong>sectis,</strong></span> <span class='ocrx_word' id='word_1_189' title='bbox 233 2217 448 2258; x_wconf 80' lang='lat' dir='ltr'><strong>nunquam</strong></span> <span class='ocrx_word' id='word_1_190' title='bbox 496 2212 668 2243; x_wconf 85' lang='lat' dir='ltr'><strong>entozoa</strong></span> <span class='ocrx_word' id='word_1_191' title='bbox 697 2207 849 2255; x_wconf 85' lang='lat' dir='ltr'><strong>reperi,</strong></span> <span class='ocrx_word' id='word_1_192' title='bbox 895 2214 942 2243; x_wconf 92' lang='lat' dir='ltr'><strong>ut</strong></span> <span class='ocrx_word' id='word_1_193' title='bbox 984 2207 1132 2245; x_wconf 81' lang='lat' dir='ltr'><strong>ultimo</strong></span> <span class='ocrx_word' id='word_1_194' title='bbox 1171 2215 1333 2247; x_wconf 89' lang='lat' dir='ltr'><strong>tantum</strong></span> 
     </span>
     <span class='ocr_line' id='line_1_28' title="bbox 72 2282 1334 2334; baseline 0.004 -16"><span class='ocrx_word' id='word_1_195' title='bbox 72 2282 312 2334; x_wconf 80' lang='lat' dir='ltr'><strong>gestationis</strong></span> <span class='ocrx_word' id='word_1_196' title='bbox 340 2290 531 2333; x_wconf 87' lang='lat' dir='ltr'><strong>tempore</strong></span> <span class='ocrx_word' id='word_1_197' title='bbox 571 2284 613 2319; x_wconf 89' lang='lat' dir='ltr'><strong>in</strong></span> <span class='ocrx_word' id='word_1_198' title='bbox 642 2283 791 2319; x_wconf 85' lang='lat' dir='ltr'><strong>iisdem</strong></span> <span class='ocrx_word' id='word_1_199' title='bbox 828 2283 929 2319; x_wconf 89' lang='lat' dir='ltr'><strong>oriri</strong></span> <span class='ocrx_word' id='word_1_200' title='bbox 957 2282 1219 2331; x_wconf 81' lang='lat' dir='ltr'><strong>crediderim,</strong></span> <span class='ocrx_word' id='word_1_201' title='bbox 1264 2284 1334 2323; x_wconf 81' lang='lat' dir='ltr'><strong>alii</strong></span> 
     </span>
     <span class='ocr_line' id='line_1_29' title="bbox 72 2356 873 2396; baseline 0.001 -2"><span class='ocrx_word' id='word_1_202' title='bbox 72 2367 213 2395; x_wconf 78' lang='lat' dir='ltr'><strong>tamen</strong></span> <span class='ocrx_word' id='word_1_203' title='bbox 239 2367 307 2394; x_wconf 87' lang='lat' dir='ltr'><strong>me</strong></span> <span class='ocrx_word' id='word_1_204' title='bbox 334 2356 478 2396; x_wconf 82' lang='lat' dir='ltr'><strong>forsan</strong></span> <span class='ocrx_word' id='word_1_205' title='bbox 503 2358 709 2396; x_wconf 84' lang='lat' dir='ltr'><strong>feliciores</strong></span> <span class='ocrx_word' id='word_1_206' title='bbox 740 2365 873 2396; x_wconf 87' lang='lat' dir='ltr'><strong>erunt.</strong></span> 
     </span>
    </p>

    <p class='ocr_par' dir='ltr' id='par_1_2' title="bbox 153 2430 1337 2490">
     <span class='ocr_line' id='line_1_30' title="bbox 153 2430 1337 2490; baseline 0.005 -21"><span class='ocrx_word' id='word_1_207' title='bbox 153 2432 340 2483; x_wconf 78' lang='lat' dir='ltr'><strong>Argum.</strong></span> <span class='ocrx_word' id='word_1_208' title='bbox 372 2430 438 2471; x_wconf 85' lang='lat'>111.</span> <span class='ocrx_word' id='word_1_209' title='bbox 492 2435 699 2471; x_wconf 72' lang='lat' dir='ltr'><strong>Encozoa</strong></span> <span class='ocrx_word' id='word_1_210' title='bbox 739 2433 787 2470; x_wconf 71' lang='lat' dir='ltr'><strong>in</strong></span> <span class='ocrx_word' id='word_1_211' title='bbox 835 2431 1096 2472; x_wconf 69' lang='lat' dir='ltr'><strong>animalium</strong></span> <span class='ocrx_word' id='word_1_212' title='bbox 1145 2446 1337 2490; x_wconf 71' lang='lat' dir='ltr'><strong>corpore</strong></span> 
     </span>
    </p>
   </div>
   <div class='ocr_carea' id='block_1_2' title="bbox 227 2509 985 2625">
    <p class='ocr_par' dir='ltr' id='par_1_3' title="bbox 227 2509 985 2625">
     <span class='ocr_line' id='line_1_31' title="bbox 227 2509 920 2562; baseline 0.001 -15"><span class='ocrx_word' id='word_1_213' title='bbox 227 2510 361 2547; x_wconf 78' lang='lat' dir='ltr'><strong>salva</strong></span> <span class='ocrx_word' id='word_1_214' title='bbox 388 2521 567 2547; x_wconf 80' lang='lat' dir='ltr'><strong>manere</strong></span> <span class='ocrx_word' id='word_1_215' title='bbox 596 2519 641 2547; x_wconf 81' lang='lat' dir='ltr'><strong>ec</strong></span> <span class='ocrx_word' id='word_1_216' title='bbox 660 2509 920 2562; x_wconf 71' lang='lat' dir='ltr'><strong>propagari.</strong></span> 
     </span>
     <span class='ocr_line' id='line_1_32' title="bbox 854 2585 985 2625; baseline 0.015 -2"><span class='ocrx_word' id='word_1_217' title='bbox 854 2586 885 2623; x_wconf 88' lang='lat' dir='ltr'><strong>B</strong></span> <span class='ocrx_word' id='word_1_218' title='bbox 908 2585 932 2624; x_wconf 86' lang='lat' dir='ltr'>b</span> <span class='ocrx_word' id='word_1_219' title='bbox 965 2603 985 2625; x_wconf 82' lang='lat'>2</span> 
     </span>
    </p>
   </div>
  </div>
 </body>
</html>
