1801 3066
1236 172 1310 219 561

30 290 202 316 -narum
231 271 499 328 pulmonibus
528 270 843 315 saccii'orniibus
872 273 1126 323 Distomata‚
1154 277 1315 316 Ascari-

54 354 126 392 des
151 364 190 392 et
221 350 450 404 Strongyli3
478 351 520 386 in
535 349 688 402 Anguis
707 348 861 402 fragilis
880 348 1152 398 pulmonibus
1172 352 1314 391 Stron-

53 431 138 484 gyli
167 429 311 467 itidem
342 436 382 465 et
410 425 625 463 Ascarides
672 424 872 462 habitant.
939 422 986 461 In
1026 429 1315 468 marnmalium

55 516 96 544 et
126 508 259 543 avium
287 502 586 555 pulmonibus,
622 514 727 553 quos
757 502 960 546 invenies,
990 512 1151 540 vermes
1179 506 1244 543 vel
1272 511 1316 546 in

54 581 222 618 trachea
252 589 292 618 et
321 578 517 617 brenchis
549 577 734 624 collecti,
770 576 835 614 vel
858 564 914 614 Vin
951 577 1125 616 sacculis
1155 578 1216 617 his
1247 596 1316 622 an-

52 659 166 694 nexis
196 657 378 710 degunt,
417 654 705 700 Hamulariae,
745 652 983 708 Strongyli,
1029 657 1160 694 rarius
1195 657 1317 712 Poly-

53 742 247 775 stomata.

158 810 206 847 In
237 807 387 847 cordis
409 810 537 861 ipsius
567 821 667 846 cavo
696 821 857 847 vermes
887 810 1116 849 occurrisse
1138 812 1203 848 vix
1232 825 1319 850 cre-

57 885 223 929 derem;
253 898 361 938 q‘uae
388 894 544 922 veteres
576 887 686 922 enim
717 884 769 923 de
786 884 994 935 ejusmodi
1023 886 1230 925 vermibus
1255 902 1320 927 re-

54 962 214 1009 ferunt,
255 953 523 1014 edepolypos
553 963 718 1012 spurios
745 962 965 1012 pertinent.
1042 962 1155 1000 Inter
1182 964 1320 1003 cordis

12 1036 19 1042 ⁴
55 1037 164 1075 suilli
205 1038 326 1076 fibras
364 1037 616 1075 musculares
658 1038 917 1090 (lysticercus
962 1037 1190 1077 cellulosae
1236 1054 1323 1079 sae·

35 1115 147 1164 *pius
177 1112 397 1166 reperitur,
427 1117 666 1166 mirumque
695 1113 916 1167 hydatides
944 1116 1039 1153 istas
1070 1119 1324 1155 contractio-

55 1189 176 1228 nibus
208 1191 345 1229 cordis
377 1193 583 1229 continuis
613 1203 701 1228 non
730 1191 911 1234 offendi;
944 1193 1055 1229 circa
1084 1205 1157 1230 cor
1187 1207 1322 1246 aeque

55 1265 177 1304 facile
208 1281 255 1305 ac
285 1270 393 1305 circa
422 1267 499 1305 alia
527 1269 683 1304 viscera
714 1275 799 1304 tam
826 1267 1038 1321 Strongyli
1067 1281 1192 1321 quam
1220 1270 1325 1307 Fila-

56 1346 146 1381 riae
174 1356 396 1381 occurrere
423 1352 620 1394 possunt;
652 1341 762 1380 conf,
792 1342 897 1384 Bibl.
931 1355 974 1380 n.
1004 1355 1092 1393 229.
1150 1344 1239 1385 Cel.
1270 1346 1325 1388 O.

57 1419 337 1458 Fabricius
368 1419 518 1471 (Faun.
551 1418 808 1456 Groenland.
849 1432 892 1470 p.
924 1431 1014 1470 272.
1043 1432 1084 1457 n.
1114 1421 1240 1475 250.)
1272 1422 1326 1460 de

24 1495 30 1498 ’
57 1495 256 1533 Ascaride
285 1495 450 1534 Phocae
478 1495 557 1533 sibi
587 1495 698 1532 dicta
734 1494 806 1542 (ad
836 1493 1166 1544 Ophiostomatis
1195 1511 1325 1550 genus

58 1571 301 1623 referenda)
331 1573 551 1623 sequentia
578 1570 704 1608 tradit
719 1553 732 1606 ¹:
769 1582 814 1608 se
844 1583 918 1607 cor
945 1571 1111 1610 Phocae
1139 1572 1327 1612 foetidae

26 1666 30 1669 >
61 1652 246 1685 attamen
273 1649 388 1684 vivae
418 1646 479 1684 bis
517 1645 752 1685 vermiculis
790 1646 880 1684 fere
911 1656 1177 1685 consumtum
1205 1650 1330 1687 vidis—

61 1736 122 1768 se;
153 1736 228 1761 cor
257 1732 396 1762 autem
425 1731 548 1761 antea
576 1722 806 1777 harpagine
822 1723 1086 1761 vulneratum
1108 1724 1237 1763 fuisse
1258 1726 1329 1764 ad-

63 1800 147 1847 dit,
191 1809 239 1838 ut
280 1798 508 1853 harpfi'igine
545 1802 687 1851 potius
725 1813 850 1852 quam
888 1800 1099 1838 vermibus
1127 1800 1328 1850 lacerum,

65 1885 107 1913 et
134 1874 210 1913 hos
241 1875 320 1913 alia
358 1889 404 1913 ex
432 1885 551 1927 parte
578 1876 700 1914 simul
735 1876 878 1914 forsan
906 1876 1121 1914 vulnerata
1149 1876 1232 1916 huc
1259 1892 1331 1916 ve·

63 1954 172 1991 nisse
210 1955 458 2005 suspicarer.
520 1952 798 1991 Daldorfii
842 1951 1080 1991 observatio
1128 1953 1261 2002 (Bibl.
1289 1968 1330 1994 n.

63 2035 171 2082 440.)
203 2028 397 2083 ambigua
430 2037 471 2069 et
499 2027 636 2067 obiter
664 2038 824 2067 tantum
850 2029 983 2067 relata
1013 2039 1086 2068 est.

171 2106 505 2164 (Itzezcrysmaccz
541 2104 833 2152 tuberculosa,
878 2105 933 2144 de
971 2105 1123 2159 quibus
1151 2109 1196 2147 in
1226 2108 1330 2160 Cap.

65 2183 162 2221 XX.
192 2185 226 2232 ξ.
252 2196 286 2220 2.
319 2195 459 2236 agam,
500 2190 585 2220 tam
614 2184 658 2219 in
688 2183 804 2235 equis
833 2196 959 2234 quarn
985 2185 1030 2221 in
1059 2182 1229 2222 canibus
1258 2184 1333 2222 ob·

66 2260 146 2305 via,
175 2257 419 2312 Strongylos
447 2258 613 2305 fovent,
643 2258 718 2297 sed
760 2260 805 2297 in
840 2260 961 2297 vasis
987 2254 1260 2311 sarzgnfferis
1285 2259 1334 2297 il-

67 2335 188 2374 laesis
216 2346 378 2372 vermes
417 2335 585 2382 adesse,
623 2335 688 2374 vel
724 2349 819 2374 cum
846 2337 1064 2386 sanguine
1094 2338 1333 2390 circumagi,

68 2423 158 2449 non
187 2409 465 2452 admitterem.
519 2398 693 2451 Veteres
723 2426 849 2463 saepe
873 2411 1240 2466 pseudopolypos,
1269 2413 1336 2451 vei

69 2485 267 2542 lymphae
303 2485 534 2536 pauxillum
570 2490 762 2543 sanguini
801 2491 1018 2536 innatans,
1058 2498 1129 2528 aut
1165 2492 1334 2536 insecta,
