1801 3066
1270 127 1347 175 519

81 221 255 274 poribus
285 224 385 261 vivis
414 223 647 260 conservari
671 228 712 259 et
741 220 910 259 educari
931 226 1086 274 possit,
1126 237 1226 264 sane
1268 230 1343 265 mi-

78 312 174 337 rum
204 308 274 346 est,
305 307 344 337 et
370 296 672 349 phaenomenis
709 297 900 337 omnibus
940 302 1045 338 circa
1087 302 1236 340 eadem
1267 302 1341 341 ob-

78 377 150 413 viis
180 378 408 413 attentione
436 373 578 412 debita
613 372 893 427 perlustratis,
937 374 1157 414 admiratio
1194 388 1339 418 nostra

78 465 286 490 summum
326 453 487 504 attingit
533 450 722 504 gradum.
781 449 1060 501 Quorundam
1099 453 1337 504 explicatio-

75 539 175 565 nem
204 527 388 566 tentabo.

142 607 183 651 οι)
213 605 350 642 Oestri
393 603 586 642 animalia
628 604 804 641 maxime
846 611 1016 656 vegeta,
1064 603 1214 655 quibus
1257 620 1335 646 ova

205 683 474 726 committant,
502 683 545 717 in
572 691 696 733 grege
734 678 933 731 selIgunt;
973 679 1084 718 unde
1121 678 1224 718 haec
1258 694 1335 719 no-

201 758 328 795 runt?
354 758 418 795 An
443 756 704 808 reliquorum
732 754 874 793 forsan
901 758 1169 807 transpiratio
1196 758 1245 794 iis
1272 759 1334 796 in·

198 842 329 886 grata,
357 832 524 871 illorum
557 830 757 883 accepta?

136 912 180 958 β)
208 908 361 957 Partes,
409 912 452 948 in
498 909 649 962 quibus
692 920 770 945 ova
814 906 1044 957 deponant,
1095 909 1332 959 aptissimae

199 994 306 1031 sunt,
335 994 381 1023 ut
409 986 578 1024 Oestrus
609 985 707 1035 equi
737 996 802 1021 eas
832 982 940 1020 solas
976 992 1105 1033 petat,
1136 998 1240 1036 quas
1269 999 1332 1024 ar-

195 1066 334 1098 menta
361 1060 561 1105 lambant,
589 1059 816 1111 linguaque
852 1060 1053 1111 attingere
1081 1063 1254 1111 possint,
1283 1070 1330 1099 ut

192 1134 330 1173 larvae
357 1134 453 1172 huic
480 1134 742 1173 inhaerentes
770 1135 814 1171 in
838 1134 1113 1173 ventriculum
1138 1136 1329 1176 deferan-

192 1220 272 1249 tur.
329 1211 432 1262 Quis
476 1223 634 1263 quaeso
677 1209 748 1248 lias
793 1211 1053 1261 potissimum
1098 1219 1237 1262 partes
1275 1212 1326 1251 ab

191 1289 289 1339 equi
315 1287 456 1341 lingua
483 1289 583 1337 peti,
613 1296 797 1325 oestrum
819 1286 989 1324 docuit?
1017 1286 1100 1325 Sed
1117 1289 1222 1325 istae
1243 1287 1327 1326 for-

191 1376 265 1402 san
293 1363 416 1401 saliva
443 1362 662 1402 humentes
691 1371 761 1401 aut
779 1365 868 1414 ejus
890 1375 973 1415 ope
995 1362 1076 1401 alio
1105 1363 1237 1402 modo
1264 1366 1325 1404 in.-

190 1443 338 1494 signes,
368 1449 551 1480 oestrum
581 1439 778 1478 alliciunt.

126 1517 167 1567 γ)
197 1516 389 1555 Anxietas
427 1525 467 1554 et
505 1515 629 1571 furor
659 1529 824 1570 greges,
869 1517 996 1552 oestri
1026 1528 1196 1553 susurru
1229 1528 1324 1566 per—

189 1601 338 1644 cepto,
366 1594 553 1642 rapienS,
583 1605 789 1639 summus,
837 1605 859 1630 a
896 1594 1035 1644 poetis
1074 1602 1114 1630 et
1149 1601 1349 1629 naturae—

185 1668 479 1707 scrutatoribus
525 1668 712 1720 plurimis
760 1661 817 1721 (v.
861 1682 894 1706 c.
940 1669 1201 1715 Linnaeo,
1244 1668 1323 1705 Fi-

185 1745 272 1782 sch
286 1756 399 1789 ero,
430 1744 674 1794 Clarkio)
705 1743 901 1797 graphice
940 1744 1196 1794 descriptus,
1236 1744 1322 1781 ani-

186 1819 412 1858 malculum
438 1820 548 1857 istud
576 1819 653 1857 illis
682 1822 859 1858 maxime
906 1832 1078 1858 exosum
1120 1832 1207 1857 esse
1249 1818 1320 1856 de-

184 1904 400 1934 monstrat.
455 1898 562 1935 Tam
600 1910 787 1934 susurrus
824 1898 913 1947 ipse
924 1924 946 1943 ,.
973 1909 1101 1948 quam
1139 1893 1318 1932 titillatio

184 1975 366 2026 partium
391 1973 513 2011 valde
541 1972 810 2020 sensibilium,
840 1973 990 2025 quibus
1019 1984 1100 2010 ova
1128 1972 1342 2010 commits

186 2051 248 2098 tit,
277 2060 433 2101 pecora
460 2050 600 2088 Forsan
629 2050 758 2103 fugat,
789 2059 830 2088 et
859 2049 908 2087 cl.
936 2047 1150 2086 Fischer
1186 2055 1316 2085 totam

189 2138 358 2180 gregem
387 2126 611 2165 disturbari
637 2139 763 2178 posse
789 2125 938 2172 refert,
974 2128 1007 2162 si
1037 2134 1108 2162 aut
1143 2110 1217 2161 ore
1247 2131 1317 2160 aut

189 2202 271 2257 alio
321 2204 595 2241 instrumento
652 2211 913 2241 susurrantes
964 2211 1146 2239 oestros·
1165 2199 1316 2236 imitari

186 2280 303 2316 scias.
355 2278 503 2317 Rarius
532 2289 698 2328 tamen,
727 2288 768 2318 et
795 2280 962 2321 nonnisi
991 2289 1142 2330 aquam
1171 2271 1315 2326 peten'-

188 2355 267 2403 tia,
298 2356 488 2395 animalia
515 2356 632 2394 illum
663 2364 825 2401 arcent;
857 2355 955 2408 fuga
989 2363 1131 2393 tamen
1157 2365 1210 2393 ne
1235 2350 1314 2389 lar-
