1801 3066
1239 157 1313 203 411

58 271 222 299 ternam
252 259 423 311 quidem
453 258 692 301 continent,
721 253 795 292 sed
824 268 968 293 verme
998 257 1183 305 ejusdem
1212 238 1331 296 non-¹

53 337 157 374 ldum
198 338 448 386 conspicuo;
499 331 579 369 alio
623 340 761 368 autem
790 330 943 376 iterum
974 332 1317 385 temporeqhujus

56 412 342 450 rudimentum
371 409 502 455 adest,
531 406 626 458 plus
658 407 793 444 minus
826 404 1080 454 distinctum,
1109 420 1155 447 ut
1184 425 1206 448 a
1233 413 1319 462 Pri-

57 502 137 541 mor
167 488 283 538 quasi
322 485 586 523 formationis
627 490 844 520 momento
886 480 939 519 ad
977 485 1128 520 vermis
1168 496 1319 525 statum

56 562 291 614 perfectum
319 575 453 613 usque
490 562 687 597 transitus
716 556 839 596 nobis
868 566 1035 608 pateat,
1076 559 1184 596 conf.
1216 563 1317 612 Cap.

56 640 149 677 XV.
183 642 216 688 ξ.
250 653 283 676 1.
312 653 348 677 v.
406 637 579 690 Hydatis
608 633 709 672 mihi
739 644 823 681 est,
854 636 897 670 in
927 633 1105 688 cerebro
1134 633 1319 674 humano

55 724 250 765 reperta,
293 715 491 759 maxima,
541 699 730 749 Coenu‘i
764 712 924 748 vesicae
961 710 1192 759 simillima,
1244 711 1322 749 sed

57 790 267 830 vermibus
299 789 415 837 orba,
448 798 488 825 et
518 786 709 838 exempla
738 786 835 825 talia
857 786 1324 841 Hydatidum-reliqua-

56 882 152 905 rum
180 867 361 918 plurima
391 874 563 904 exstant.

137 944 220 982 Sed
248 944 435 981 Taeniae
466 954 639 993 quoque
667 950 922 992 proventum
960 939 1093 978 oculis
1124 943 1226 979 meis
1255 955 1324 980 me

58 1032 283 1070 usurpasse
326 1017 592 1056 crediderim.
665 1016 750 1055 Sub
797 1019 908 1054 canis
948 1016 1155 1055 fricatoris
1195 1017 1326 1054 disse-

58 1098 199 1134 ctione
230 1105 271 1133 et
301 1104 453 1132 tractus
492 1097 576 1145 ejus
615 1092 861 1131 intestinalis
901 1093 954 1131 ob
983 1093 1105 1132 villos
1147 1095 1327 1131 examini

58 1171 340 1223 subjiciendos
375 1180 533 1209 attenta
560 1169 826 1217 lustratione,
855 1171 899 1207 in
926 1171 1138 1220 superiori
1166 1171 1327 1207 intesti-

55 1261 211 1287 norum
252 1250 443 1286 tenuium
484 1256 606 1298 parte
648 1244 833 1284 nodulos
876 1259 952 1283 seu
986 1255 1143 1297 puncta
1180 1246 1324 1295 reperi

56 1324 266 1376 plurima,
315 1323 409 1361 alba
444 1332 485 1360 et
511 1324 811 1369 minutissima,
851 1319 1028 1359 villosae
1067 1320 1236 1359 fortiter
1264 1323 1324 1357 in-

57 1399 299 1448 haerentia,
338 1411 546 1451 quorum,
586 1408 810 1450 antequam
848 1407 997 1435 natura
1026 1399 1324 1444 innotesceret,

58 1476 332 1529 indagatione
347 1462 653 1525 microscopica
676 1473 838 1526 aliquot
860 1471 983 1511 horas
1002 1483 1231 1524 occupatus
1248 1473 1322 1510 fui.

58 1553 245 1591 Taeniae
285 1551 570 1589 cateniformis
609 1549 783 1587 tandem
812 1552 948 1601 capita
987 1563 1075 1588 esse
1104 1549 1190 1587 vidi
1216 1548 1323 1587 villis

58 1641 244 1676 annexa,
272 1641 346 1666 seu
374 1628 515 1678 potius
547 1639 640 1662 cum
669 1625 816 1664 iisdem
847 1609 999 1664 coalita
1032 1636 1074 1663 et
1101 1624 1192 1662 fere
1223 1637 1322 1662 con-

56 1705 171 1754 fusa,
209 1714 257 1743 ut
285 1702 429 1742 oscula
455 1702 555 1740 licet
594 1701 829 1740 eorundem
858 1705 1043 1740 suctoria
1071 1700 1324 1739 observave-

57 1783 160 1829 rim,
205 1781 349 1819 locum
387 1788 528 1817 tamen
562 1778 637 1816 ubi
671 1777 772 1817 villo
810 1778 1031 1816 inhaerere
1070 1779 1323 1826 inciperent,

57 1871 146 1897 non
175 1856 431 1909 distinguere
459 1856 685 1906 potuerim.
731 1854 879 1904 Capita
909 1863 1048 1891 autem
1078 1851 1166 1889 sola
1190 1861 1324 1898 erant,

56 1946 139 1972 nec
188 1933 374 1985 quamvis
418 1934 592 1982 copiosa
631 1930 809 1969 Taenias
846 1931 1030 1981 integras
1074 1939 1144 1965 aut
1177 1926 1327 1965 harum

58 2019 199 2061 partes
230 2021 372 2046 secum
402 2006 636 2055 ducebant,
665 2016 713 2044 ut
741 2007 785 2043 in
812 2015 904 2043 toto
934 2014 1069 2042 tractu
1098 2002 1326 2042 intestinali

58 2095 230 2137 praeter
271 2084 420 2123 eadem
457 2083 519 2121 nil
555 2085 634 2121 nisi
674 2083 780 2121 duos
813 2083 1001 2120 Taeniae
1039 2080 1326 2119 cateniformis

62 2159 258 2198 articulos
288 2160 532 2198 invenerim.
586 2159 681 2197 Hoc
708 2171 775 2196 me
803 2156 948 2196 saltem
978 2157 1120 2210 judice
1146 2157 1328 2194 Taenia—

61 2250 157 2275 rum
184 2234 344 2274 natales
381 2236 602 2289 designare
637 2235 830 2283 videtur,
870 2245 918 2272 ut
948 2232 1179 2272 earundem
1205 2232 1328 2268 nimi-

60 2327 157 2351 rum
182 2301 323 2363 'capita
350 2310 426 2350 sub
457 2302 772 2351 dissimilatione
802 2321 919 2359 orta,
950 2324 973 2348 a
1000 2309 1106 2348 villis
1133 2307 1328 2346 nondum

63 2398 282 2439 separata,
310 2387 378 2426 vel
404 2388 553 2430 iisdem
581 2390 725 2426 innata
752 2386 932 2435 fuerint,
961 2384 1238 2438 postmodum
1259 2397 1325 2421 re-
