1801 3066
1276 196 1355 236 555

101 299 333 355 gitudinem
347 307 523 352 aequare
533 295 717 334 videndo
748 298 862 346 (nam
885 295 927 332 in
941 294 1109 336 homine
1127 299 1276 338 vidisse
1292 302 1357 337 vix

101 375 391 424 crediderim),
419 383 605 410 vermem
631 370 852 410 nobiscum
878 379 1023 408 natum
1052 375 1285 413 increscere
1316 385 1356 413 et

101 447 314 490 senescere
342 447 541 494 referunt,
570 460 649 485 nec
676 447 914 499 Andryus
945 445 1066 484 aliam
1080 450 1240 498 profert
1266 464 1357 488 sen-

99 530 282 573 tentiam,
311 524 386 563 sed
415 536 641 576 quamnam
669 532 845 560 aetatem
869 522 1029 561 Taenia
1056 522 1256 577 attingere
1281 539 1357 576 po-

100 605 214 650 terit,
257 615 422 652 semper
460 603 667 638 incertum
709 598 901 637 manebit.
957 599 1187 640 Taeniosos
1233 603 1354 639 unico

99 688 260 717 tantum
307 690 443 716 verme
485 676 658 714 affectos
700 676 1011 727 supponendo,
1052 679 1355 729 portionesque

98 756 239 809 plures
280 768 356 805 per
399 765 527 790 annos
569 753 753 801 dejectos
800 755 936 790 eidem
967 765 1133 809 semper
1174 753 1359 791 Taeniae

102 831 340 875 tribuendo,
370 830 562 867 'auctores
591 841 678 866 non
705 837 957 879 potuerunt,
988 833 1090 882 quin
1117 832 1243 868 vitam
1271 831 1357 880 ejus

102 897 383 962 longissimam
413 905 698 943 admitterent:
739 903 945 954 plurimae
981 919 1082 944 vero
1113 920 1207 944 cum
1235 919 1360 958 saepe

101 984 225 1024 simul
252 966 397 1028 adsim-t,
426 979 599 1018 frustula
628 982 869 1030 saepissime
898 984 1027 1036 aegris
1062 984 1200 1020 insciis
1229 983 1361 1021 elimi-

100 1071 266 1107 nentur,
297 1059 375 1095 alia
404 1070 530 1108 saepe
557 1059 601 1093 in
628 1070 801 1094 mucum
831 1057 1062 1096 diffluentia
1099 1058 1358 1109 dejiciantur,

102 1145 305 1190 quomam
334 1137 470 1185 capita
500 1132 722 1181 adfuerint,
749 1133 816 1171 vel
845 1143 1049 1186 quomam
1087 1148 1217 1172 annos
1253 1136 1361 1173 Tae-

98 1215 170 1254 nia
196 1211 266 1251 tali
292 1213 335 1248 in
364 1223 461 1248 casu
495 1211 662 1256 vixerit,
697 1221 914 1262 nunquam
953 1210 1258 1250 determinabis.
1313 1212 1362 1250 In

102 1290 217 1342 agnis
261 1285 507 1324 lactentibus
549 1286 727 1323 Taenias
771 1299 898 1336 saepe
939 1289 1135 1325 maximas
1173 1289 1360 1338 reperiri,

102 1377 227 1415 supra
254 1363 414 1408 monui,
445 1360 673 1399 earundem
701 1373 800 1413 ergo
819 1363 1060 1415 magnitudo
1084 1371 1258 1401 aetatem
1287 1366 1363 1401 mi-

103 1443 216 1479 nime
242 1438 399 1490 prodit,
430 1446 470 1475 et
497 1438 542 1474 in
570 1435 715 1475 ovibus
746 1450 840 1474 cum
875 1438 1060 1476 Taeniae
1089 1441 1190 1477 istae
1226 1439 1360 1478 multo

101 1518 281 1555 rariores
323 1516 414 1558 sint,
461 1509 566 1550 hanc
607 1511 751 1549 saltem
780 1514 962 1562 speciem
999 1525 1086 1551 non
1113 1515 1361 1568 longaevam

104 1603 194 1628 esse
223 1589 407 1626 dixerim.
461 1586 604 1624 Plures
640 1596 782 1624 tamen
813 1600 891 1638 per
930 1601 1060 1625 annos
1096 1603 1256 1628 vermes
1294 1605 1362 1629 cu-

103 1664 332 1703 curbitinos
377 1662 427 1701 ab
470 1661 641 1701 homine
677 1662 798 1713 dejici
834 1676 958 1714 posse
985 1674 1137 1702 notum
1166 1676 1239 1713 est,
1286 1681 1365 1706 nec

100 1753 266 1792 semper
287 1739 495 1791 plurimae
524 1738 675 1777 adsunt
701 1739 897 1787 Taeniae,
928 1741 1002 1779 sed
1029 1751 1148 1793 parte
1167 1743 1364 1783 seceden-

103 1826 146 1856 te
188 1816 373 1868 ejusdem
416 1816 601 1854 Taeniae
647 1816 774 1855 altera
821 1815 1037 1863 evolvitur,
1081 1827 1129 1854 ut
1157 1819 1363 1870 quasdam

102 1895 258 1945 species
287 1891 448 1944 aliquot
474 1891 540 1930 vel
565 1892 705 1944 plures
735 1905 865 1931 annos
906 1895 1045 1933 vivere
1080 1907 1204 1945 posse
1240 1894 1363 1933 facile

104 1951 348 2008 concedam.
404 1968 516 2007 Cave
561 1978 698 2008 autern
739 1982 793 2007 ne
837 1983 929 2007 cum
972 1979 1142 2008 auctore
1169 1970 1362 2022 Hippo-

102 2047 310 2085 cratico
339 2045 542 2083 Taeniam
582 2058 746 2097 semper
788 2048 832 2084 in
867 2047 985 2085 foetu
1023 2049 1139 2085 nasci
1166 2054 1360 2095 assumas,

105 2121 291 2174 ideoque
333 2123 377 2159 in
419 2120 561 2159 adulto
599 2121 765 2160 obviam
809 2122 1056 2178 longaevam
1089 2124 1271 2169 reddas;
1317 2127 1363 2164 in

105 2198 226 2237 foetu
252 2199 361 2237 enim
390 2210 524 2249 aeque
550 2195 659 2236 bene
688 2212 734 2237 ac
760 2201 804 2236 in
833 2200 992 2247 adulto,
1022 2210 1062 2239 et
1090 2203 1234 2254 quovis
1263 2201 1363 2240 faci-

106 2272 147 2312 le
173 2283 365 2325 tempore
390 2275 579 2328 generari
606 2283 768 2325 potest,
802 2280 933 2314 rarius
971 2260 1111 2315 tamen
1145 2280 1190 2315 in
1223 2278 1362 2317 foetu-

108 2350 191 2389 bus'
216 2359 257 2387 et
282 2350 404 2400 pullis
433 2350 684 2398 observatur,
713 2352 899 2391 mediam
926 2361 1104 2392 aetatem
1123 2347 1362 2406 sae'pissime

103 2426 354 2481 aggreditur.

187 2503 448 2561 Scrrongylus
469 2490 618 2555 ‘Gigds
643 2518 792 2545 renum
821 2506 1091 2547 affectionem
1110 2519 1212 2546 num
1240 2509 1361 2555 cient,
