1801 3066
1249 208 1323 251 117

110 301 233 341 Saml.
263 317 297 343 2.
327 302 446 342 Deel.
482 313 522 352 p.
553 302 753 348 287-295·
794 300 915 346 (cum
944 296 1010 350 fig.
1052 299 1134 337 Mo
1150 300 1318 353 deer.)

111 379 406 432 Dryander.
440 375 540 412 Post
565 370 929 425 Malpighium
960 382 1001 410 et
1028 374 1319 414 Hartman-

112 469 141 494 n
154 468 234 492 um
267 453 448 504 primus,
486 450 557 501 qui
586 448 839 502 grandinum
872 458 1067 487 naturam
1096 453 1319 490 animatam

113 530 290 581 agnovit.

53 607 141 654 401.
187 605 268 641 Nn
295 615 372 641 {ste
425 600 732 655 Entdeckung,
789 598 877 638 dass
935 600 1004 638 die
1052 600 1217 640 Finnen
1259 603 1318 639 im

107 676 471 717 Sclnveinelleisch
498 677 634 716 ·keine
672 675 1086 727 Driisenkrankheit,
1131 677 1319 715 sondern

106 753 250 792 wahre
277 754 611 792 Blasenwiirmer
641 754 745 792 sind.
775 753 874 791 Von
900 753 932 790 J.
962 754 1009 791 A.
1039 753 1085 790 E.
1118 753 1197 792 Go
1216 766 1317 790 eze.

104 830 236 869 Nebst
268 844 284 867 1
317 820 508 880 Kupfe'rt.
553 829 676 867 Halle
710 834 819 880 1784.
858 834 921 880 4ο.
950 843 989 880 p.
1020 835 1055 874 S.
1084 829 1110 852 '¹‘
1164 829 1219 867 Se
1246 826 1319 866 ha-

102 920 194 944 rum
234 903 479 958 hydatidum
515 919 678 945 vermes
718 908 902 957 primum
930 906 1108 953 vidisse,
1163 917 1318 956 perpe-

101 995 192 1018 ram
221 982 356 1031 (conf.
385 995 425 1022 n.
456 988 516 1027 55.
546 988 634 1029 588.
665 983 781 1033 400.)
811 981 1040 1034 gloriatur,
1070 992 1175 1031 quos
1207 988 1319 1016 cete-1

100 1060 258 1110 roquin
286 1057 396 1096 bene
427 1058 685 1110 descriptos,
714 1057 825 1096 male
856 1056 1090 1095 delineatos
1121 1056 1234 1093 sistit.

47 1138 137 1185 402.
166 1135 353 1172 Taeniae
382 1131 664 1188 hydatigenae
692 1136 736 1172 in
763 1134 891 1186 plexu
914 1132 1147 1171 choroideo
1171 1133 1317 1170 inven—
1341 1152 1346 1157 ,

101 1220 169 1248 tae
197 1211 381 1248 historia.
447 1210 666 1248 Accedunt
695 1210 927 1249 nonnullae
959 1209 1060 1247 alius
1091 1220 1316 1260 argumen-

100 1289 133 1339 ti
161 1286 214 1324 de
243 1286 452 1324 vermibus
482 1286 790 1325 intestinalibus
826 1286 1156 1324 observationes.
1197 1284 1316 1322 Auct.

100 1362 171 1399 Jo.
200 1360 402 1400 Leonh.
432 1360 674 1398 Fischer.
708 1364 814 1399 Cum
844 1360 924 1397 tab.
955 1373 1046 1398 aen.
1075 1362 1187 1410 Lips.
1207 1365 1316 1410 1789.

99 1441 162 1486 44.
190 1451 229 1488 p.
259 1443 294 1482 8.
334 1437 359 1462 ’³‘
422 1435 646 1489 Quaedam
683 1435 738 1473 de
767 1437 911 1473 taeniis
942 1436 1198 1488 generatin1;
1257 1433 1313 1471 de

103 1510 371 1566 hydatidibus
398 1514 443 1548 in
470 1510 597 1561 plexu
627 1508 859 1547 choroideo
890 1513 1083 1561 repertis,
1112 1522 1203 1548 non
1229 1512 1316 1546 ani-

100 1589 241 1631 matis;
271 1586 325 1623 de
354 1588 588 1639 cysticercis
617 1585 778 1623 ibidem
807 1585 1063 1633 observatis,
1093 1598 1200 1636 quos
1230 1587 1316 1624 aC.

103 1661 332 1702 cellulosae
361 1661 545 1714 (Finna)
573 1675 802 1715 perperam
832 1661 1020 1699 diversos
1051 1662 1203 1699 statuit.
1231 1660 1318 1698 Ad-

103 1739 166 1777 dit
201 1737 541 1776 observationem
585 1738 638 1776 de
675 1738 876 1777 Ascaride
904 1736 1189 1775 lumbricoide
1220 1750 1318 1775 coe-

103 1829 197 1854 cum
223 1813 490 1866 perforante,
548 1828 622 1853 seu
649 1817 791 1867 potius
820 1816 1064 1854 intestinum
1094 1812 1316 1865 sphacelo-

100 1905 191 1930 sum
219 1901 488 1945 transgressa.
543 1890 692 1930 Icones
722 1892 972 1930 mediocres.

47 1972 136 2020 405.
177 1968 490 2006 Commentatio
531 1967 584 2006 cle
618 1967 780 2006 Taenia
822 1965 1078 2022 hydatigena
1106 1964 1316 2013 anomala,

104 2045 272 2084 adnexis
303 2046 493 2097 cogitatis
530 2044 779 2095 quibusdam
810 2044 863 2082 de
903 2046 1110 2082 vermium
1138 2045 1317 2082 viscera-

102 2120 206 2158 lium
244 2119 523 2174 physiologia.
587 2122 707 2159 Auct.
762 2120 834 2158 Jo.
893 2120 1079 2173 Georg
1135 2119 1316 2157 Stein-

105 2194 252 2233 buch.
309 2198 416 2235 Cum
446 2196 527 2235 tab.
558 2210 648 2235 aen.
679 2198 905 2249 (optima.)
932 2195 1101 2249 Erlang.
1136 2201 1245 2239 ¹802·
1275 2194 1318 2231 X

109 2280 151 2308 et
182 2271 262 2308 126.
289 2286 329 2323 p.
357 2279 393 2318 8.
421 2272 447 2297 'k
499 2273 750 2310 Dissertatio
782 2275 963 2326 egregi&
1030 2273 1317 2326 Cysticercum

110 2344 335 2384 cellulosae
380 2351 537 2396 (minus
577 2348 688 2388 bene
731 2350 950 2387 Taeniam
996 2345 1319 2400 hydacigetzam

106 2421 361 2459 anomalam
388 2422 464 2461 sibi
493 2424 664 2478 dictum)
691 2427 735 2464 in
763 2424 935 2465 homine
964 2437 1123 2478 sueque
1146 2423 1318 2462 obvium

113 2496 297 2548 ejusdem
344 2511 432 2536 esse
470 2503 648 2551 speciei,
702 2517 782 2542 nec
818 2501 1063 2556 hydatidem
1108 2502 1152 2539 in
1191 2499 1317 2552 plexu
