1801 3066
1283 151 1360 198 245

656 255 692 308 g.
728 273 760 296 1.

85 360 379 405 Nzacrin‘onis
411 373 706 416 organorum
737 360 784 398 itz
815 356 1153 401 Nemacoideis
1174 371 1223 401 ec
1245 359 1353 401 Pri-

403 440 720 483 onodermace
754 452 1036 499 apparatus.

162 560 367 599 Omnibus
396 562 440 598 in
458 557 742 597 Nematoideis
772 558 925 595 canalis
953 556 1194 595 intestinalis
1224 558 1351 606 adest,

80 635 289 689 hujusque
328 639 372 675 in
410 635 577 689 singulis
617 634 855 673 difFerentia
890 636 1121 686 praecipua
1155 635 1199 671 in
1233 643 1352 684 parte

80 726 259 759 summa,
289 716 372 750 sive
403 725 480 749 ore
509 711 775 761 conspicitur.
940 695 943 697 ,

158 787 206 825 A.
246 788 450 826 Filariae
488 800 532 824 os
569 786 828 834 orbiculare„
856 787 1112 839 plerumque
1142 789 1351 840 exiguum,

78 863 290 902 interdum
318 863 483 915 papillis
514 864 677 915 aliquot
706 866 909 909 cinctum,
945 866 1053 901 inter
1082 877 1227 902 omnes
1256 865 1351 900 sim-

77 940 360 992 plicissimum,
391 940 632 991 simpliciter
656 953 828 993 quoque
857 943 902 979 in
925 939 1111 978 canalem
1138 942 1350 979 intestina-

75 1016 159 1054 lem
183 1017 287 1063 abit,
315 1018 360 1054 in
387 1016 600 1055 nonnullis
630 1029 824 1054 vasorum
848 1017 1093 1071 genitalium
1118 1019 1350 1054 circumvo-

73 1093 258 1131 lutorum
286 1095 394 1146 gyris
424 1101 645 1144 tantopere
674 1093 953 1141 occultatum,
992 1103 1041 1131 ut
1078 1094 1152 1144 Go
1168 1104 1258 1130 eze
1292 1104 1347 1129 ne

72 1168 249 1207 verbum
298 1170 473 1221 quidem
516 1170 568 1206 de
616 1169 769 1207 eodem
814 1170 977 1218 fecerit,
1023 1179 1064 1208 et
1109 1169 1347 1207 Zederus

73 1244 469 1300 (Naturgeschichte
497 1245 572 1283 der
590 1244 813 1298 Eingeww.
834 1260 877 1297 p,
899 1247 987 1297 33.)
1001 1246 1188 1292 dineam,
1220 1257 1347 1297 quam

71 1321 407 1374 Helminthologi
434 1334 514 1371 pro
543 1323 738 1358 intestino
767 1320 1003 1368 habuerint,
1033 1322 1257 1359 obscuram
1287 1333 1349 1359 er-

72 1400 161 1436 rori
191 1399 334 1448 optico
358 1395 650 1445 adscribendo,
683 1397 871 1435 canalem
889 1400 1012 1435 istum
1037 1397 1235 1451 equidem
1257 1409 1348 1434 non

73 1475 297 1526 negaverit,
327 1473 401 1511 sed
430 1471 486 1510 ob
513 1472 754 1526 lympham,
785 1487 914 1526 quam
944 1476 1183 1519 contineat,
1221 1473 1349 1511 deco-

72 1549 206 1587 lorem
237 1558 277 1586 et
303 1548 575 1599 pellucidam,
602 1550 922 1599 inconspicuum
953 1561 1040 1586 esse
1067 1548 1234 1587 referat.
1263 1548 1347 1586 Ve-

69 1639 164 1663 rum
194 1625 304 1662 enim
332 1637 433 1663 vero
461 1623 603 1675 plures
628 1637 676 1663 ac
703 1610 875 1677 reliquis
895 1624 1164 1676 scriptOribus
1189 1626 1345 1675 species

75 1703 311 1740 examinare
340 1715 436 1739 cum
463 1701 564 1738 mihi
595 1703 838 1756 contigerit,
877 1711 1053 1739 tractum
1083 1713 1257 1754 quoque
1285 1702 1347 1738 in-

72 1779 306 1816 testinalem
334 1779 378 1816 in
411 1778 712 1817 nonnullarum
756 1787 874 1830 parte
919 1781 1068 1825 antica,
1117 1791 1202 1830 qua
1242 1775 1346 1815 vasis

72 1853 320 1908 genitalibus
347 1866 437 1893 non
475 1853 707 1909 obtegitur,
756 1855 1111 1893 distinctissimum
1150 1854 1255 1899 vidi3
1301 1855 1346 1891 in

71 1931 252 1971 ,Filaria
282 1930 445 1969 obtusa
474 1934 686 1980 (cornicis)
719 1945 813 1970 cum
842 1932 1014 1974 vasculis
1041 1930 1290 1986 genitalibus
1319 1942 1343 1967 e

71 2021 253 2059 corpore
295 2008 635 2060 propendentem
678 2007 909 2056 observavi,
954 2017 996 2046 et
1033 2008 1079 2049 F.
1112 2007 1344 2061 pupillosa

73 2074 213 2138 (equi)
244 2085 429 2124 dissecta'
447 2085 629 2124 eundem
656 2085 817 2132 itidem,
863 2095 903 2124 et
931 2085 1104 2138 quidem
1132 2085 1225 2122 satis
1256 2096 1342 2120 am-

69 2162 189 2215 plum
217 2164 429 2214 conspexi.
488 2163 652 2201 Ostium
690 2162 810 2201 anale
836 2162 1031 2201 nondum
1060 2161 1341 2199 observatum.

152 2237 252 2276 obs.
271 2238 466 2277 Filariae
485 2238 758 2277 medinensis
778 2240 843 2277 Ka
857 2253 930 2277 em
941 2239 1122 2290 pferus
1143 2238 1338 2283 (Amoen.

76 2322 185 2352 exot.
213 2327 257 2365 p.
285 2318 393 2366 527.)
425 2316 748 2369 descriptionem
778 2316 906 2354 offert
939 2325 1206 2369 sequentem:
1245 2326 1342 2351 >vro-

71 2391 192 2430 stello
237 2393 465 2440 instruitur,
512 2394 631 2447 quod
658 2394 808 2433 Persae
836 2392 1012 2432 barbam
1039 2401 1212 2439 vocant,
1240 2403 1341 2428 nam

73 2481 154 2520 per
180 2468 511 2521 microscopium
540 2480 814 2522 conspectum
840 2471 949 2522 pilos
975 2468 1132 2507 referre
1161 2468 1211 2520 (Ρ)
1241 2467 1343 2508 dici-
