1801 3066
1280 176 1357 225 275

89 277 308 323 videntur,
340 288 521 328 quorum
555 275 714 326 quippe
741 272 907 310 vascula
934 278 1105 315 nuti-itia
1133 281 1355 317 materia-m

87 353 274 400 fuscam,
322 352 385 390 vel
414 351 495 389 aiio
532 349 664 387 modo
702 349 872 386 tinctam
902 354 1165 399 contineant,
1214 368 1355 393 verme

86 429 278 482 reliqu0,‘
300 427 400 465 inde
427 435 567 464 tamen
597 426 774 469 alendo,
814 424 1034 471 decolore,
1077 437 1124 464 ut
1153 434 1362 470 materiae*

86 506 194 543 illius
223 502 444 555 particulas
475 516 618 541 omnes
645 506 688 540 in
718 515 839 539 usum
863 505 962 539 verti
993 504 1054 540 vix
1082 513 1248 550 statuas,
1278 507 1353 546 sed

85 581 286 633 quasdam
316 584 456 631 potius
487 580 681 625 excerni,
700 591 943 630 porumque
973 582 1153 618 anticum
1179 589 1264 618 tam
1284 585 1351 620 ani

84 668 212 708 quani
250 660 331 694 oris
371 656 525 694 vicibus
553 655 671 708 fungi
708 667 954 705 supponas:
1003 665 1248 709 argumenta
1275 657 1352 695 sal-

82 739 170 769 tem
202 732 315 771 haud
345 732 653 771 contemnenda
700 734 779 769 ista
819 743 898 782 pro
937 735 1142 770 sententia
1175 734 1220 770 in
1247 735 1281 782 ξ.
1311 733 1351 772 5.

83 809 217 849 attuli.
271 809 319 847 In
345 806 722 860 Acanthocephalis
750 808 962 859 interdum
992 806 1124 846 simile
1153 808 1256 861 quid
1285 822 1350 847 ac-

82 886 292 924 cidere-in
319 888 355 935 ἕ.
386 900 423 925 2.
463 887 624 923 monui.
679 884 869 936 Reliquis
897 886 942 921 in
970 884 1167 922 Entozois
1197 884 1349 922 humor

80 964 274 1000 nutritius
305 961 501 1008 decolor,
546 970 586 999 et
627 961 717 999 talis
746 961 890 998 forsan
919 960 1215 998 tantummodo
1243 963 1349 999 reci-

62 1041 215 1088 pitur,
247 1040 319 1090 qui
351 1041 484 1076 omnis
515 1038 733 1076 assimilari
762 1046 909 1090 queat,
938 1036 1052 1075 unde
1083 1036 1225 1074 oscula
1253 1050 1350 1089 par-

78 1126 129 1151 va
157 1113 371 1162 sufficere,
402 1129 648 1167 vermesque
677 1123 841 1161 tamen,
882 1115 955 1166 qui
989 1126 1114 1164 saepe
1141 1115 1184 1150 in
1213 1111 1348 1152 homi-

76 1190 139 1227 nis
169 1198 209 1227 et
232 1190 472 1228 animalium
512 1191 709 1230 foetubus
737 1194 908 1229 maximi
949 1194 1246 1242 reperiuntur,
1284 1194 1347 1228 in·

79 1275 337 1304 crementum
367 1267 632 1305 celerrimum
663 1281 838 1319 capere,
877 1267 1068 1317 explices.
1148 1265 1197 1304 In
1225 1268 1347 1319 cysti-

79 1344 136 1379 cis
182 1345 402 1380 minimum
439 1343 679 1381 faeculenta
716 1343 831 1381 nulla
868 1331 1113 1387 statuen'da',
1165 1343 1347 1393 quaein

79 1418 245 1470 cystidis
275 1433 384 1471 aqua
414 1420 586 1458 oculum
615 1420 761 1473 fugere
789 1432 877 1457 non
912 1427 1104 1469 possent,
1141 1417 1212 1455 sed
1242 1416 1346 1455 haec

77 1492 245 1545 semper
269 1495 563 1547 limpidissima
592 1505 631 1534 et
657 1498 892 1547 purissima.
950 1493 1074 1536 Conf.
1106 1494 1208 1545 Cap.
1230 1494 1344 1532 XVI.

78 1571 112 1620 §-
157 1576 195 1620 4.

180 1648 301 1699 Quae
329 1646 425 1693 dixi,
462 1648 577 1685 ‘mira
623 1656 663 1685 et
703 1648 931 1685 attentione
968 1646 1207 1699 dignissima
1236 1655 1343 1693 sunt,

25 1718 27 1721 ⁸
74 1722 149 1760 sed
180 1722 396 1773 absorptio
427 1723 716 1762 Entozoorum
747 1736 935 1770 cuxanea,
967 1723 1020 1760 de
1051 1736 1135 1775 qua
1163 1726 1206 1760 in
1226 1736 1344 1773 prae-

75 1798 317 1837 cedentibus
346 1803 498 1850 passim
524 1803 602 1853 egi,
632 1802 757 1839 fidem
787 1802 876 1840 fere
905 1808 1091 1851 superat.
1146 1798 1343 1837 Animali-

18 1909 28 1915 ,
74 1874 150 1913 bus
181 1874 327 1920 saltem
356 1878 495 1930 magis·
516 1882 781 1929 compositis,
825 1891 899 1915 seu
926 1876 1268 1928 perfectioribus,
1297 1885 1343 1914 ut

73 1962 247 1999 vocant,
288 1952 497 2005 absorptio
527 1954 598 1991 illa
625 1957 820 2002 minima,
868 1965 909 1992 et
938 1953 1160 2005 epidermis
1189 1966 1341 1990 cornea

74 2042 169 2067 cum
197 2041 412 2082 unguento
453 2042 634 2068 cutaneo
674 2034 869 2069 nocivum
908 2030 1181 2068 ambientium
1221 2028 1339 2066 influ-

72 2106 180 2143 xum'
198 2119 221 2144 a
251 2119 433 2157 corpore
457 2116 678 2159 tantopere
710 2118 875 2156 arcent,
904 2117 952 2145 ut
978 2119 1115 2159 pauca
1144 2115 1184 2144 et
1212 2105 1340 2144 subti-

72 2180 227 2220 lissima
269 2183 382 2220 idem
424 2193 584 2222 tantum
627 2185 925 2238 ingrediantur.
1005 2183 1054 2221 In
1089 2183 1287 2221 Entozois
1317 2195 1338 2219 e

75 2266 220 2296 contra
235 2271 299 2296 res
312 2259 438 2313 longe
460 2260 577 2298 aliter
602 2273 647 2298 se
674 2259 815 2309 habet,
844 2272 883 2300 et
911 2259 1236 2310 Trichocephali
1263 2272 1339 2296 un-

47 2384 50 2385 ?
75 2336 200 2371 cinati
229 2334 606 2389 forsitancorpore
634 2337 877 2376 duriusculo
908 2337 1000 2375 solo
1031 2345 1232 2387 excepto,
1261 2346 1338 2372 un-

73 2409 299 2462 dequaque
333 2409 578 2461 humorem,
618 2428 743 2467 saepe
776 2414 986 2467 particulis
1027 2412 1168 2450 alienis
1198 2420 1239 2450 et
1268 2424 1337 2448 co·

72 2485 218 2525 loratis
247 2489 418 2527 mixtum
445 2487 663 2539 hauriunt,
707 2493 822 2542 cnjus
859 2493 921 2529 rei
960 2488 1149 2541 exempla
1176 2500 1334 2526 memo-

791 2567 884 2605 ,Sz
