<?xml version="1.0" encoding="UTF-8"?>
<!DOCTYPE html PUBLIC "-//W3C//DTD XHTML 1.0 Transitional//EN"
    "http://www.w3.org/TR/xhtml1/DTD/xhtml1-transitional.dtd">
<html xmlns="http://www.w3.org/1999/xhtml" xml:lang="en" lang="en">
 <head>
  <title>
</title>
<meta http-equiv="Content-Type" content="text/html;charset=utf-8" />
  <meta name='ocr-system' content='tesseract 3.04.00' />
  <meta name='ocr-capabilities' content='ocr_page ocr_carea ocr_par ocr_line ocrx_word'/>
</head>
<body>
  <div class='ocr_page' id='page_1' title='image "./entozoorumsiveve11808rudo_0316.png"; bbox 0 0 1801 3066; ppageno 0'>
   <div class='ocr_carea' id='block_1_1' title="bbox 410 179 1738 1712">
    <p class='ocr_par' dir='ltr' id='par_1_1' title="bbox 410 179 1738 1712">
     <span class='ocr_line' id='line_1_1' title="bbox 441 179 517 220; baseline 0 -5"><span class='ocrx_word' id='word_1_1' title='bbox 441 179 517 220; x_wconf 79' lang='lat'><strong>28&#39;2</strong></span> 
     </span>
     <span class='ocr_line' id='line_1_2' title="bbox 442 282 1699 339; baseline 0.001 -17"><span class='ocrx_word' id='word_1_2' title='bbox 442 291 534 339; x_wconf 77' lang='lat' dir='ltr'>trag</span> <span class='ocrx_word' id='word_1_3' title='bbox 560 297 606 336; x_wconf 75' lang='lat' dir='ltr'>p.</span> <span class='ocrx_word' id='word_1_4' title='bbox 635 288 724 335; x_wconf 87' lang='lat'>29)</span> <span class='ocrx_word' id='word_1_5' title='bbox 770 291 912 321; x_wconf 86' lang='lat' dir='ltr'>contra</span> <span class='ocrx_word' id='word_1_6' title='bbox 958 282 1207 322; x_wconf 84' lang='lat' dir='ltr'>Goezium</span> <span class='ocrx_word' id='word_1_7' title='bbox 1245 282 1462 335; x_wconf 81' lang='lat' dir='ltr'>probavit,</span> <span class='ocrx_word' id='word_1_8' title='bbox 1503 282 1699 336; x_wconf 82' lang='lat' dir='ltr'><strong>idemque</strong></span> 
     </span>
     <span class='ocr_line' id='line_1_3' title="bbox 442 358 1701 407; baseline -0.002 -8"><span class='ocrx_word' id='word_1_9' title='bbox 442 361 496 400; x_wconf 90' lang='lat' dir='ltr'>de</span> <span class='ocrx_word' id='word_1_10' title='bbox 524 360 704 398; x_wconf 83' lang='lat' dir='ltr'>humana</span> <span class='ocrx_word' id='word_1_11' title='bbox 745 369 784 398; x_wconf 87' lang='lat' dir='ltr'>et</span> <span class='ocrx_word' id='word_1_12' title='bbox 824 358 977 398; x_wconf 86' lang='lat' dir='ltr'>bovina</span> <span class='ocrx_word' id='word_1_13' title='bbox 1004 360 1057 407; x_wconf 50' lang='grc' dir='ltr'>ἢ</span> <span class='ocrx_word' id='word_1_14' title='bbox 1115 369 1255 398; x_wconf 80' lang='lat' dir='ltr'>contra</span> <span class='ocrx_word' id='word_1_15' title='bbox 1298 358 1701 397; x_wconf 85' lang='lat' dir='ltr'>Vallisnierium</span> 
     </span>
     <span class='ocr_line' id='line_1_4' title="bbox 439 426 1702 490; baseline -0.002 -15"><span class='ocrx_word' id='word_1_16' title='bbox 439 439 713 490; x_wconf 83' lang='lat' dir='ltr'>pronuntiare</span> <span class='ocrx_word' id='word_1_17' title='bbox 743 447 910 475; x_wconf 88' lang='lat' dir='ltr'>coactus</span> <span class='ocrx_word' id='word_1_18' title='bbox 938 450 1044 478; x_wconf 72' lang='lat' dir='ltr'>sum.</span> <span class='ocrx_word' id='word_1_19' title='bbox 1098 437 1282 474; x_wconf 75' lang='lat' dir='ltr'>Internas</span> <span class='ocrx_word' id='word_1_20' title='bbox 1300 436 1416 488; x_wconf 85' lang='lat' dir='ltr'>quod</span> <span class='ocrx_word' id='word_1_21' title='bbox 1446 426 1702 486; x_wconf 72' lang='lat' dir='ltr'>attinerpar·</span> 
     </span>
     <span class='ocr_line' id='line_1_5' title="bbox 442 496 1704 566; baseline -0.001 -15"><span class='ocrx_word' id='word_1_22' title='bbox 442 523 524 561; x_wconf 87' lang='lat' dir='ltr'>tes,</span> <span class='ocrx_word' id='word_1_23' title='bbox 557 522 695 552; x_wconf 87' lang='lat' dir='ltr'>cutem</span> <span class='ocrx_word' id='word_1_24' title='bbox 722 496 907 566; x_wconf 14' lang='lat' dir='ltr'>unidem</span> <span class='ocrx_word' id='word_1_25' title='bbox 944 513 1223 552; x_wconf 84' lang='lat' dir='ltr'>muscularem</span> <span class='ocrx_word' id='word_1_26' title='bbox 1252 514 1296 549; x_wconf 88' lang='lat' dir='ltr'>in</span> <span class='ocrx_word' id='word_1_27' title='bbox 1325 514 1474 564; x_wconf 80' lang='lat' dir='ltr'>equina</span> <span class='ocrx_word' id='word_1_28' title='bbox 1507 505 1630 564; x_wconf 82' lang='lat' dir='ltr'>quam</span> <span class='ocrx_word' id='word_1_29' title='bbox 1658 513 1704 550; x_wconf 87' lang='lat' dir='ltr'>in</span> 
     </span>
     <span class='ocr_line' id='line_1_6' title="bbox 410 587 1703 647; baseline -0.003 -18"><span class='ocrx_word' id='word_1_30' title='bbox 410 628 411 642; x_wconf 16' lang='grc' dir='ltr'><strong>χ</strong></span> <span class='ocrx_word' id='word_1_31' title='bbox 440 591 611 645; x_wconf 88' lang='lat' dir='ltr'>reliquis</span> <span class='ocrx_word' id='word_1_32' title='bbox 642 593 886 629; x_wconf 83' lang='lat' dir='ltr'>crassiorem</span> <span class='ocrx_word' id='word_1_33' title='bbox 915 592 1106 642; x_wconf 78' lang='lat' dir='ltr'>reperio,</span> <span class='ocrx_word' id='word_1_34' title='bbox 1139 598 1274 627; x_wconf 78' lang='lat' dir='ltr'>cetera</span> <span class='ocrx_word' id='word_1_35' title='bbox 1304 601 1404 626; x_wconf 81' lang='lat' dir='ltr'>vero</span> <span class='ocrx_word' id='word_1_36' title='bbox 1436 587 1703 647; x_wconf 35' lang='lat' dir='ltr'>eadem,¹nisi</span> 
     </span>
     <span class='ocr_line' id='line_1_7' title="bbox 443 656 1700 721; baseline -0.002 -15"><span class='ocrx_word' id='word_1_37' title='bbox 443 660 716 706; x_wconf 58' lang='lat' dir='ltr'>oviductuum</span> <span class='ocrx_word' id='word_1_38' title='bbox 745 680 870 721; x_wconf 82' lang='lat' dir='ltr'>gyros</span> <span class='ocrx_word' id='word_1_39' title='bbox 890 656 1105 719; x_wconf 56' lang='lat' dir='ltr'>Paulisper</span> <span class='ocrx_word' id='word_1_40' title='bbox 1133 665 1300 702; x_wconf 74' lang='lat' dir='ltr'>differre</span> <span class='ocrx_word' id='word_1_41' title='bbox 1331 664 1464 711; x_wconf 80' lang='lat' dir='ltr'>dicas,</span> <span class='ocrx_word' id='word_1_42' title='bbox 1494 665 1569 702; x_wconf 88' lang='lat' dir='ltr'>hos</span> <span class='ocrx_word' id='word_1_43' title='bbox 1600 677 1700 703; x_wconf 84' lang='lat' dir='ltr'>vero</span> 
     </span>
     <span class='ocr_line' id='line_1_8' title="bbox 441 729 1738 796; baseline -0.004 -13"><span class='ocrx_word' id='word_1_44' title='bbox 441 747 485 783; x_wconf 90' lang='lat' dir='ltr'>in</span> <span class='ocrx_word' id='word_1_45' title='bbox 513 744 721 782; x_wconf 78' lang='lat' dir='ltr'>humanae</span> <span class='ocrx_word' id='word_1_46' title='bbox 749 743 974 782; x_wconf 85' lang='lat' dir='ltr'>individuis</span> <span class='ocrx_word' id='word_1_47' title='bbox 1011 747 1167 796; x_wconf 85' lang='lat' dir='ltr'>pariter</span> <span class='ocrx_word' id='word_1_48' title='bbox 1204 744 1341 779; x_wconf 83' lang='lat' dir='ltr'>varios</span> <span class='ocrx_word' id='word_1_49' title='bbox 1378 730 1575 793; x_wconf 17' lang='lat' dir='ltr'>rep-eries.</span> <span class='ocrx_word' id='word_1_50' title='bbox 1631 741 1705 779; x_wconf 83' lang='lat' dir='ltr'>Vi·</span> <span class='ocrx_word' id='word_1_51' title='bbox 1730 729 1738 741; x_wconf 40' lang='grc' dir='ltr'><strong><em>ν</em></strong></span> 
     </span>
     <span class='ocr_line' id='line_1_9' title="bbox 442 817 1705 873; baseline -0.003 -14"><span class='ocrx_word' id='word_1_52' title='bbox 442 821 600 860; x_wconf 84' lang='lat' dir='ltr'>tulinae</span> <span class='ocrx_word' id='word_1_53' title='bbox 627 830 770 858; x_wconf 83' lang='lat' dir='ltr'>uterus</span> <span class='ocrx_word' id='word_1_54' title='bbox 800 819 1003 866; x_wconf 79' lang='lat' dir='ltr'>bicornis,</span> <span class='ocrx_word' id='word_1_55' title='bbox 1043 829 1264 873; x_wconf 78' lang='lat' dir='ltr'>antequam</span> <span class='ocrx_word' id='word_1_56' title='bbox 1296 818 1547 872; x_wconf 71' lang='lat' dir='ltr'>gracilescit,</span> <span class='ocrx_word' id='word_1_57' title='bbox 1584 817 1705 859; x_wconf 76' lang='lat' dir='ltr'>Val-</span> 
     </span>
     <span class='ocr_line' id='line_1_10' title="bbox 444 894 1708 949; baseline -0.003 -13"><span class='ocrx_word' id='word_1_58' title='bbox 444 899 689 936; x_wconf 87' lang='lat' dir='ltr'>lisnierio</span> <span class='ocrx_word' id='word_1_59' title='bbox 722 895 768 945; x_wconf 88' lang='lat' dir='ltr'>(l.</span> <span class='ocrx_word' id='word_1_60' title='bbox 793 895 1036 937; x_wconf 52' lang='lat' dir='ltr'>c‚«Tab.‘II.</span> <span class='ocrx_word' id='word_1_61' title='bbox 1059 895 1132 949; x_wconf 77' lang='lat' dir='ltr'>Fig</span> <span class='ocrx_word' id='word_1_62' title='bbox 1177 899 1288 942; x_wconf 73' lang='lat'><strong>2,5‚)</strong></span> <span class='ocrx_word' id='word_1_63' title='bbox 1317 898 1444 949; x_wconf 81' lang='lat' dir='ltr'>magis</span> <span class='ocrx_word' id='word_1_64' title='bbox 1475 908 1599 949; x_wconf 83' lang='lat' dir='ltr'>quam</span> <span class='ocrx_word' id='word_1_65' title='bbox 1630 894 1708 932; x_wconf 90' lang='lat' dir='ltr'>hu-</span> 
     </span>
     <span class='ocr_line' id='line_1_11' title="bbox 442 961 1708 1024; baseline -0.002 -12"><span class='ocrx_word' id='word_1_66' title='bbox 442 987 593 1012; x_wconf 80' lang='lat' dir='ltr'>manae</span> <span class='ocrx_word' id='word_1_67' title='bbox 622 961 810 1024; x_wconf 84' lang='lat' dir='ltr'>hispidus</span> <span class='ocrx_word' id='word_1_68' title='bbox 835 987 909 1012; x_wconf 89' lang='lat' dir='ltr'>seu</span> <span class='ocrx_word' id='word_1_69' title='bbox 927 972 1214 1011; x_wconf 84' lang='lat' dir='ltr'>tuberculosus</span> <span class='ocrx_word' id='word_1_70' title='bbox 1243 975 1373 1019; x_wconf 88' lang='lat' dir='ltr'>visus,</span> <span class='ocrx_word' id='word_1_71' title='bbox 1405 982 1445 1010; x_wconf 89' lang='lat' dir='ltr'>et</span> <span class='ocrx_word' id='word_1_72' title='bbox 1472 972 1579 1010; x_wconf 88' lang='lat' dir='ltr'>illius</span> <span class='ocrx_word' id='word_1_73' title='bbox 1611 985 1708 1010; x_wconf 85' lang='lat' dir='ltr'>ova-</span> 
     </span>
     <span class='ocr_line' id='line_1_12' title="bbox 442 1043 1704 1101; baseline -0.002 -12"><span class='ocrx_word' id='word_1_74' title='bbox 442 1053 504 1089; x_wconf 86' lang='lat' dir='ltr'>ria</span> <span class='ocrx_word' id='word_1_75' title='bbox 534 1050 584 1088; x_wconf 90' lang='lat' dir='ltr'>ab</span> <span class='ocrx_word' id='word_1_76' title='bbox 613 1059 736 1089; x_wconf 77' lang='lat' dir='ltr'>utero</span> <span class='ocrx_word' id='word_1_77' title='bbox 762 1043 1007 1101; x_wconf 30' lang='lat' dir='ltr'>&#39;recedentia</span> <span class='ocrx_word' id='word_1_78' title='bbox 1035 1049 1165 1087; x_wconf 85' lang='lat' dir='ltr'>tribus</span> <span class='ocrx_word' id='word_1_79' title='bbox 1201 1049 1327 1096; x_wconf 86' lang='lat' dir='ltr'>locis,</span> <span class='ocrx_word' id='word_1_80' title='bbox 1365 1051 1510 1088; x_wconf 86' lang='lat' dir='ltr'>vicinis</span> <span class='ocrx_word' id='word_1_81' title='bbox 1549 1059 1704 1097; x_wconf 85' lang='lat' dir='ltr'>tamen,</span> 
     </span>
     <span class='ocr_line' id='line_1_13' title="bbox 442 1118 1703 1179; baseline 0 -15"><span class='ocrx_word' id='word_1_82' title='bbox 442 1129 487 1164; x_wconf 91' lang='lat' dir='ltr'>in</span> <span class='ocrx_word' id='word_1_83' title='bbox 517 1126 719 1178; x_wconf 74' lang='lat' dir='ltr'>ampullas</span> <span class='ocrx_word' id='word_1_84' title='bbox 757 1126 969 1177; x_wconf 86' lang='lat' dir='ltr'>ampliari,</span> <span class='ocrx_word' id='word_1_85' title='bbox 1013 1127 1158 1179; x_wconf 85' lang='lat' dir='ltr'>(quod</span> <span class='ocrx_word' id='word_1_86' title='bbox 1203 1129 1246 1164; x_wconf 88' lang='lat' dir='ltr'>in</span> <span class='ocrx_word' id='word_1_87' title='bbox 1283 1126 1466 1165; x_wconf 78' lang='lat' dir='ltr'>humana</span> <span class='ocrx_word' id='word_1_88' title='bbox 1494 1118 1584 1164; x_wconf 70' lang='lat' dir='ltr'>hon</span> <span class='ocrx_word' id='word_1_89' title='bbox 1611 1126 1703 1175; x_wconf 82' lang='lat' dir='ltr'>fiat)</span> 
     </span>
     <span class='ocr_line' id='line_1_14' title="bbox 442 1201 1710 1254; baseline 0 -14"><span class='ocrx_word' id='word_1_90' title='bbox 442 1202 553 1240; x_wconf 85' lang='lat' dir='ltr'>idem</span> <span class='ocrx_word' id='word_1_91' title='bbox 583 1204 789 1247; x_wconf 85' lang='lat' dir='ltr'>meminit;</span> <span class='ocrx_word' id='word_1_92' title='bbox 824 1207 868 1240; x_wconf 89' lang='lat' dir='ltr'>in</span> <span class='ocrx_word' id='word_1_93' title='bbox 905 1201 1022 1239; x_wconf 89' lang='lat' dir='ltr'>nullo</span> <span class='ocrx_word' id='word_1_94' title='bbox 1055 1211 1194 1240; x_wconf 87' lang='lat' dir='ltr'>autem</span> <span class='ocrx_word' id='word_1_95' title='bbox 1222 1216 1409 1254; x_wconf 86' lang='lat' dir='ltr'>unquam</span> <span class='ocrx_word' id='word_1_96' title='bbox 1441 1203 1502 1240; x_wconf 87' lang='lat' dir='ltr'>vel</span> <span class='ocrx_word' id='word_1_97' title='bbox 1530 1203 1710 1240; x_wconf 81' lang='lat' dir='ltr'>bovinae</span> 
     </span>
     <span class='ocr_line' id='line_1_15' title="bbox 443 1277 1711 1316; baseline -0.002 0"><span class='ocrx_word' id='word_1_98' title='bbox 443 1278 511 1316; x_wconf 87' lang='lat' dir='ltr'>vel</span> <span class='ocrx_word' id='word_1_99' title='bbox 542 1278 643 1316; x_wconf 85' lang='lat' dir='ltr'>alius</span> <span class='ocrx_word' id='word_1_100' title='bbox 671 1287 794 1315; x_wconf 87' lang='lat' dir='ltr'>utero</span> <span class='ocrx_word' id='word_1_101' title='bbox 834 1277 1054 1315; x_wconf 82' lang='lat' dir='ltr'>tubercula</span> <span class='ocrx_word' id='word_1_102' title='bbox 1082 1277 1153 1316; x_wconf 82' lang='lat' dir='ltr'>illa</span> <span class='ocrx_word' id='word_1_103' title='bbox 1182 1278 1433 1316; x_wconf 84' lang='lat' dir='ltr'>creberrima</span> <span class='ocrx_word' id='word_1_104' title='bbox 1463 1287 1503 1316; x_wconf 86' lang='lat' dir='ltr'>et</span> <span class='ocrx_word' id='word_1_105' title='bbox 1532 1279 1711 1315; x_wconf 68' lang='lat' dir='ltr'>acutius-‘-</span> 
     </span>
     <span class='ocr_line' id='line_1_16' title="bbox 446 1353 1710 1407; baseline 0.001 -16"><span class='ocrx_word' id='word_1_106' title='bbox 446 1354 539 1391; x_wconf 88' lang='lat' dir='ltr'>cula</span> <span class='ocrx_word' id='word_1_107' title='bbox 577 1368 600 1391; x_wconf 88' lang='lat' dir='ltr'>a</span> <span class='ocrx_word' id='word_1_108' title='bbox 627 1353 987 1392; x_wconf 87' lang='lat' dir='ltr'>Vallisnierio</span> <span class='ocrx_word' id='word_1_109' title='bbox 1027 1354 1217 1405; x_wconf 84' lang='lat' dir='ltr'>depicta,</span> <span class='ocrx_word' id='word_1_110' title='bbox 1263 1355 1339 1393; x_wconf 84' lang='lat' dir='ltr'>sed</span> <span class='ocrx_word' id='word_1_111' title='bbox 1375 1354 1469 1392; x_wconf 87' lang='lat' dir='ltr'>loca</span> <span class='ocrx_word' id='word_1_112' title='bbox 1500 1354 1710 1407; x_wconf 84' lang='lat' dir='ltr'>quaedam</span> 
     </span>
     <span class='ocr_line' id='line_1_17' title="bbox 446 1429 1708 1485; baseline 0.001 -18"><span class='ocrx_word' id='word_1_113' title='bbox 446 1429 543 1468; x_wconf 88' lang='lat' dir='ltr'>hinc</span> <span class='ocrx_word' id='word_1_114' title='bbox 571 1430 670 1468; x_wconf 84' lang='lat' dir='ltr'>inde</span> <span class='ocrx_word' id='word_1_115' title='bbox 710 1429 804 1481; x_wconf 88' lang='lat' dir='ltr'>plus</span> <span class='ocrx_word' id='word_1_116' title='bbox 833 1432 977 1468; x_wconf 83' lang='lat' dir='ltr'>minus·</span> <span class='ocrx_word' id='word_1_117' title='bbox 998 1430 1236 1485; x_wconf 84' lang='lat' dir='ltr'>inaequalia</span> <span class='ocrx_word' id='word_1_118' title='bbox 1277 1431 1343 1470; x_wconf 88' lang='lat' dir='ltr'>vel</span> <span class='ocrx_word' id='word_1_119' title='bbox 1370 1431 1579 1470; x_wconf 83' lang='lat' dir='ltr'>nodulosa</span> <span class='ocrx_word' id='word_1_120' title='bbox 1606 1431 1708 1478; x_wconf 86' lang='lat' dir='ltr'>vidi,</span> 
     </span>
     <span class='ocr_line' id='line_1_18' title="bbox 448 1506 1714 1561; baseline 0.002 -18"><span class='ocrx_word' id='word_1_121' title='bbox 448 1516 489 1544; x_wconf 87' lang='lat' dir='ltr'>et</span> <span class='ocrx_word' id='word_1_122' title='bbox 510 1506 713 1558; x_wconf 83' lang='lat' dir='ltr'>ampullas</span> <span class='ocrx_word' id='word_1_123' title='bbox 734 1506 823 1545; x_wconf 86' lang='lat' dir='ltr'>illas</span> <span class='ocrx_word' id='word_1_124' title='bbox 839 1506 941 1545; x_wconf 86' lang='lat' dir='ltr'>mihi</span> <span class='ocrx_word' id='word_1_125' title='bbox 959 1521 1177 1561; x_wconf 87' lang='lat' dir='ltr'>nunquam</span> <span class='ocrx_word' id='word_1_126' title='bbox 1199 1507 1338 1548; x_wconf 87' lang='lat' dir='ltr'>obvias</span> <span class='ocrx_word' id='word_1_127' title='bbox 1357 1507 1594 1548; x_wconf 85' lang='lat' dir='ltr'>essentiales</span> <span class='ocrx_word' id='word_1_128' title='bbox 1625 1519 1714 1546; x_wconf 86' lang='lat' dir='ltr'>esse</span> 
     </span>
     <span class='ocr_line' id='line_1_19' title="bbox 445 1583 803 1622; baseline 0 -2"><span class='ocrx_word' id='word_1_129' title='bbox 445 1585 511 1620; x_wconf 84' lang='lat' dir='ltr'>vix</span> <span class='ocrx_word' id='word_1_130' title='bbox 540 1583 803 1622; x_wconf 84' lang='lat' dir='ltr'>crediderim.</span> 
     </span>
     <span class='ocr_line' id='line_1_20' title="bbox 549 1659 1714 1712; baseline 0.002 -15"><span class='ocrx_word' id='word_1_131' title='bbox 549 1659 700 1698; x_wconf 89' lang='lat' dir='ltr'>Uterus</span> <span class='ocrx_word' id='word_1_132' title='bbox 738 1659 815 1698; x_wconf 88' lang='lat' dir='ltr'>sub</span> <span class='ocrx_word' id='word_1_133' title='bbox 853 1662 1136 1712; x_wconf 82' lang='lat' dir='ltr'>microscopio</span> <span class='ocrx_word' id='word_1_134' title='bbox 1165 1661 1357 1699; x_wconf 81' lang='lat' dir='ltr'>lustratus</span> <span class='ocrx_word' id='word_1_135' title='bbox 1388 1661 1638 1700; x_wconf 81' lang='lat' dir='ltr'>structuram</span> <span class='ocrx_word' id='word_1_136' title='bbox 1667 1660 1714 1699; x_wconf 83' lang='lat' dir='ltr'>fi-</span> 
     </span>
    </p>
   </div>
   <div class='ocr_carea' id='block_1_2' title="bbox 450 1724 1748 1781">
    <p class='ocr_par' dir='ltr' id='par_1_2' title="bbox 450 1724 1748 1781">
     <span class='ocr_line' id='line_1_21' title="bbox 450 1724 1748 1781; baseline 0.001 -7"><span class='ocrx_word' id='word_1_137' title='bbox 450 1735 601 1774; x_wconf 70' lang='lat' dir='ltr'>brOSO«</span> <span class='ocrx_word' id='word_1_138' title='bbox 619 1735 859 1775; x_wconf 79' lang='lat' dir='ltr'>cellulosam</span> <span class='ocrx_word' id='word_1_139' title='bbox 890 1737 1069 1781; x_wconf 57' lang='lat' dir='ltr'>exhibeam</span> <span class='ocrx_word' id='word_1_140' title='bbox 1099 1738 1227 1775; x_wconf 77' lang='lat' dir='ltr'>fibrae</span> <span class='ocrx_word' id='word_1_141' title='bbox 1257 1726 1512 1776; x_wconf 61' lang='lat' dir='ltr'>transversae</span> <span class='ocrx_word' id='word_1_142' title='bbox 1540 1746 1582 1775; x_wconf 88' lang='lat' dir='ltr'>et</span> <span class='ocrx_word' id='word_1_143' title='bbox 1610 1736 1713 1776; x_wconf 84' lang='lat' dir='ltr'>obli·</span> <span class='ocrx_word' id='word_1_144' title='bbox 1742 1724 1748 1734; x_wconf 49' lang='grc'><em>’</em></span> 
     </span>
    </p>
   </div>
   <div class='ocr_carea' id='block_1_3' title="bbox 1443 1835 1710 1856">
    <p class='ocr_par' dir='ltr' id='par_1_3' title="bbox 1443 1835 1710 1856">
     <span class='ocr_line' id='line_1_22' title="bbox 1443 1835 1710 1856; baseline 0.004 -2"><span class='ocrx_word' id='word_1_145' title='bbox 1443 1835 1710 1856; x_wconf 60' lang='grc' dir='ltr'>-ι-ἰ-</span> 
     </span>
    </p>
   </div>
   <div class='ocr_carea' id='block_1_4' title="bbox 711 1845 908 1854">
    <p class='ocr_par' dir='ltr' id='par_1_4' title="bbox 711 1845 908 1854">
     <span class='ocr_line' id='line_1_23' title="bbox 711 1845 908 1854; baseline 0 0"><span class='ocrx_word' id='word_1_146' title='bbox 711 1845 908 1854; x_wconf 95' lang='lat' dir='ltr'> </span> 
     </span>
    </p>
   </div>
   <div class='ocr_carea' id='block_1_5' title="bbox 445 1900 1714 2248">
    <p class='ocr_par' dir='ltr' id='par_1_5' title="bbox 445 1900 1714 2248">
     <span class='ocr_line' id='line_1_24' title="bbox 514 1900 1714 1956; baseline 0 -14"><span class='ocrx_word' id='word_1_147' title='bbox 514 1909 546 1953; x_wconf 77' lang='grc'>’&gt;</span> <span class='ocrx_word' id='word_1_148' title='bbox 579 1910 621 1942; x_wconf 83' lang='lat' dir='ltr'>In</span> <span class='ocrx_word' id='word_1_149' title='bbox 656 1906 778 1942; x_wconf 77' lang='lat' dir='ltr'>vitulis</span> <span class='ocrx_word' id='word_1_150' title='bbox 811 1907 978 1956; x_wconf 82' lang='lat' dir='ltr'>inprimis</span> <span class='ocrx_word' id='word_1_151' title='bbox 1007 1900 1198 1943; x_wconf 79' lang='lat' dir='ltr'>occurrere</span> <span class='ocrx_word' id='word_1_152' title='bbox 1224 1917 1390 1943; x_wconf 84' lang='lat' dir='ltr'>auctores</span> <span class='ocrx_word' id='word_1_153' title='bbox 1415 1908 1598 1948; x_wconf 82' lang='lat' dir='ltr'>referunt,</span> <span class='ocrx_word' id='word_1_154' title='bbox 1633 1921 1714 1943; x_wconf 85' lang='lat' dir='ltr'>ver-</span> 
     </span>
     <span class='ocr_line' id='line_1_25' title="bbox 445 1965 1713 2013; baseline -0.002 -12"><span class='ocrx_word' id='word_1_155' title='bbox 445 1979 597 2013; x_wconf 86' lang='lat' dir='ltr'>mesque</span> <span class='ocrx_word' id='word_1_156' title='bbox 622 1965 799 2002; x_wconf 79' lang='lat' dir='ltr'>vitulinos</span> <span class='ocrx_word' id='word_1_157' title='bbox 825 1966 1179 2003; x_wconf 83' lang='lat' dir='ltr'>Vallisnierius</span> <span class='ocrx_word' id='word_1_158' title='bbox 1213 1979 1335 2007; x_wconf 90' lang='lat' dir='ltr'>vocat,</span> <span class='ocrx_word' id='word_1_159' title='bbox 1362 1967 1496 2002; x_wconf 81' lang='lat' dir='ltr'>nostris</span> <span class='ocrx_word' id='word_1_160' title='bbox 1523 1977 1646 2001; x_wconf 87' lang='lat' dir='ltr'>tamen</span> <span class='ocrx_word' id='word_1_161' title='bbox 1672 1966 1713 2000; x_wconf 81' lang='lat' dir='ltr'>in</span> 
     </span>
     <span class='ocr_line' id='line_1_26' title="bbox 447 2024 1710 2071; baseline 0 -13"><span class='ocrx_word' id='word_1_162' title='bbox 447 2024 661 2071; x_wconf 68' lang='lat' dir='ltr'>regionibus</span> <span class='ocrx_word' id='word_1_163' title='bbox 687 2025 841 2059; x_wconf 81' lang='lat' dir='ltr'>rariores</span> <span class='ocrx_word' id='word_1_164' title='bbox 866 2024 1058 2066; x_wconf 88' lang='lat' dir='ltr'>videntur,</span> <span class='ocrx_word' id='word_1_165' title='bbox 1084 2038 1155 2060; x_wconf 87' lang='lat' dir='ltr'>nec</span> <span class='ocrx_word' id='word_1_166' title='bbox 1181 2026 1386 2066; x_wconf 84' lang='lat' dir='ltr'>Goezio,</span> <span class='ocrx_word' id='word_1_167' title='bbox 1413 2039 1484 2060; x_wconf 84' lang='lat' dir='ltr'>nee</span> <span class='ocrx_word' id='word_1_168' title='bbox 1508 2025 1710 2064; x_wconf 81' lang='lat' dir='ltr'>Zedero,</span> 
     </span>
     <span class='ocr_line' id='line_1_27' title="bbox 445 2081 1712 2130; baseline 0.001 -15"><span class='ocrx_word' id='word_1_169' title='bbox 445 2095 516 2116; x_wconf 79' lang='lat' dir='ltr'>nec</span> <span class='ocrx_word' id='word_1_170' title='bbox 543 2081 634 2116; x_wconf 84' lang='lat' dir='ltr'>mihi</span> <span class='ocrx_word' id='word_1_171' title='bbox 660 2095 822 2129; x_wconf 86' lang='lat' dir='ltr'>unquam</span> <span class='ocrx_word' id='word_1_172' title='bbox 850 2082 996 2118; x_wconf 80' lang='lat' dir='ltr'>oblati.‘</span> <span class='ocrx_word' id='word_1_173' title='bbox 1031 2085 1137 2130; x_wconf 87' lang='lat' dir='ltr'>Quos</span> <span class='ocrx_word' id='word_1_174' title='bbox 1165 2084 1386 2125; x_wconf 79' lang='lat' dir='ltr'>examinavi,</span> <span class='ocrx_word' id='word_1_175' title='bbox 1412 2084 1533 2119; x_wconf 87' lang='lat' dir='ltr'>Musei</span> <span class='ocrx_word' id='word_1_176' title='bbox 1551 2082 1712 2117; x_wconf 85' lang='lat' dir='ltr'>Scholae</span> 
     </span>
     <span class='ocr_line' id='line_1_28' title="bbox 446 2138 1712 2190; baseline 0.002 -17"><span class='ocrx_word' id='word_1_177' title='bbox 446 2139 699 2174; x_wconf 83' lang='lat' dir='ltr'>Veterinariae</span> <span class='ocrx_word' id='word_1_178' title='bbox 726 2138 943 2176; x_wconf 84' lang='lat' dir='ltr'>Alfortensis</span> <span class='ocrx_word' id='word_1_179' title='bbox 967 2142 1211 2190; x_wconf 85' lang='lat' dir='ltr'>Inspectoris‚</span> <span class='ocrx_word' id='word_1_180' title='bbox 1255 2143 1320 2180; x_wconf 86' lang='lat' dir='ltr'>cel.</span> <span class='ocrx_word' id='word_1_181' title='bbox 1359 2143 1425 2178; x_wconf 92' lang='lat' dir='ltr'>Go</span> <span class='ocrx_word' id='word_1_182' title='bbox 1439 2142 1484 2177; x_wconf 89' lang='lat' dir='ltr'>di</span> <span class='ocrx_word' id='word_1_183' title='bbox 1500 2155 1555 2176; x_wconf 90' lang='lat' dir='ltr'>ne</span> <span class='ocrx_word' id='word_1_184' title='bbox 1579 2140 1712 2185; x_wconf 76' lang='lat' dir='ltr'>Juuio-</span> 
     </span>
     <span class='ocr_line' id='line_1_29' title="bbox 446 2198 1395 2248; baseline 0.004 -15"><span class='ocrx_word' id='word_1_185' title='bbox 446 2199 493 2233; x_wconf 77' lang='lat' dir='ltr'>ris</span> <span class='ocrx_word' id='word_1_186' title='bbox 519 2198 800 2233; x_wconf 84' lang='lat' dir='ltr'>benevolentiae</span> <span class='ocrx_word' id='word_1_187' title='bbox 828 2199 968 2238; x_wconf 82' lang='lat' dir='ltr'>debeo,</span> <span class='ocrx_word' id='word_1_188' title='bbox 1003 2200 1041 2233; x_wconf 84' lang='lat' dir='ltr'>in</span> <span class='ocrx_word' id='word_1_189' title='bbox 1078 2200 1192 2240; x_wconf 79' lang='lat' dir='ltr'>vaccis</span> <span class='ocrx_word' id='word_1_190' title='bbox 1217 2211 1395 2248; x_wconf 75' lang='lat' dir='ltr'>repertos,</span> 
     </span>
    </p>
   </div>
   <div class='ocr_carea' id='block_1_6' title="bbox 446 2272 1713 2438">
    <p class='ocr_par' dir='ltr' id='par_1_6' title="bbox 446 2272 1713 2438">
     <span class='ocr_line' id='line_1_30' title="bbox 542 2272 1713 2322; baseline 0.001 -15"><span class='ocrx_word' id='word_1_191' title='bbox 542 2272 691 2312; x_wconf 85' lang='lat' dir='ltr'>Similes</span> <span class='ocrx_word' id='word_1_192' title='bbox 718 2272 906 2308; x_wconf 79' lang='lat' dir='ltr'>Ascarides</span> <span class='ocrx_word' id='word_1_193' title='bbox 941 2273 1226 2320; x_wconf 78' lang='lat' dir='ltr'>lumbricoides,</span> <span class='ocrx_word' id='word_1_194' title='bbox 1262 2274 1466 2309; x_wconf 80' lang='lat' dir='ltr'>secundum</span> <span class='ocrx_word' id='word_1_195' title='bbox 1501 2272 1713 2322; x_wconf 77' lang='lat' dir='ltr'>inscriptio-</span> 
     </span>
     <span class='ocr_line' id='line_1_31' title="bbox 446 2330 1711 2380; baseline 0 -17"><span class='ocrx_word' id='word_1_196' title='bbox 446 2343 532 2364; x_wconf 87' lang='lat' dir='ltr'>nem</span> <span class='ocrx_word' id='word_1_197' title='bbox 550 2357 558 2369; x_wconf 95' lang='lat'><em>,</em></span> <span class='ocrx_word' id='word_1_198' title='bbox 583 2331 622 2364; x_wconf 86' lang='lat' dir='ltr'>in</span> <span class='ocrx_word' id='word_1_199' title='bbox 650 2332 753 2365; x_wconf 81' lang='lat' dir='ltr'>Cane</span> <span class='ocrx_word' id='word_1_200' title='bbox 779 2342 962 2380; x_wconf 84' lang='lat' dir='ltr'>repertae,</span> <span class='ocrx_word' id='word_1_201' title='bbox 1004 2332 1145 2367; x_wconf 84' lang='lat' dir='ltr'>ibidem</span> <span class='ocrx_word' id='word_1_202' title='bbox 1181 2333 1477 2374; x_wconf 78' lang='lat' dir='ltr'>asservabantur,</span> <span class='ocrx_word' id='word_1_203' title='bbox 1520 2330 1625 2379; x_wconf 86' lang='lat' dir='ltr'>quod</span> <span class='ocrx_word' id='word_1_204' title='bbox 1650 2341 1711 2363; x_wconf 89' lang='lat' dir='ltr'>au-</span> 
     </span>
     <span class='ocr_line' id='line_1_32' title="bbox 447 2387 1713 2438; baseline -0.002 -14"><span class='ocrx_word' id='word_1_205' title='bbox 447 2400 652 2424; x_wconf 49' lang='lat' dir='ltr'>&amp;nicerte</span> <span class='ocrx_word' id='word_1_206' title='bbox 678 2389 840 2423; x_wconf 83' lang='lat' dir='ltr'>incuriae</span> <span class='ocrx_word' id='word_1_207' title='bbox 866 2389 904 2423; x_wconf 88' lang='lat' dir='ltr'>in</span> <span class='ocrx_word' id='word_1_208' title='bbox 931 2391 1084 2425; x_wconf 88' lang='lat' dir='ltr'>nomine</span> <span class='ocrx_word' id='word_1_209' title='bbox 1111 2390 1348 2425; x_wconf 87' lang='lat' dir='ltr'>inscribendo</span> <span class='ocrx_word' id='word_1_210' title='bbox 1366 2390 1619 2438; x_wconf 75' lang='lat' dir='ltr'>qualicunque</span> <span class='ocrx_word' id='word_1_211' title='bbox 1644 2387 1713 2422; x_wconf 88' lang='lat' dir='ltr'>im—</span> 
     </span>
    </p>
   </div>
   <div class='ocr_carea' id='block_1_7' title="bbox 446 2445 1713 2552">
    <p class='ocr_par' dir='ltr' id='par_1_7' title="bbox 446 2445 1713 2552">
     <span class='ocr_line' id='line_1_33' title="bbox 446 2445 1713 2497; baseline 0.002 -17"><span class='ocrx_word' id='word_1_212' title='bbox 446 2446 672 2494; x_wconf 81' lang='lat' dir='ltr'>putandum;</span> <span class='ocrx_word' id='word_1_213' title='bbox 701 2447 799 2482; x_wconf 80' lang='lat' dir='ltr'>conF.</span> <span class='ocrx_word' id='word_1_214' title='bbox 827 2447 1122 2496; x_wconf 77' lang='lat' dir='ltr'>hodoeporicum</span> <span class='ocrx_word' id='word_1_215' title='bbox 1150 2462 1272 2484; x_wconf 88' lang='lat' dir='ltr'>meum</span> <span class='ocrx_word' id='word_1_216' title='bbox 1298 2449 1460 2495; x_wconf 85' lang='lat' dir='ltr'>(Vol.11.</span> <span class='ocrx_word' id='word_1_217' title='bbox 1488 2462 1522 2497; x_wconf 91' lang='lat' dir='ltr'>p.</span> <span class='ocrx_word' id='word_1_218' title='bbox 1538 2449 1624 2493; x_wconf 75' lang='grc'>55.)</span> <span class='ocrx_word' id='word_1_219' title='bbox 1648 2445 1713 2480; x_wconf 75' lang='lat' dir='ltr'>ubi</span> 
     </span>
     <span class='ocr_line' id='line_1_34' title="bbox 446 2504 921 2552; baseline 0.006 -15"><span class='ocrx_word' id='word_1_220' title='bbox 446 2504 553 2552; x_wconf 87' lang='lat' dir='ltr'>plura</span> <span class='ocrx_word' id='word_1_221' title='bbox 581 2505 626 2538; x_wconf 91' lang='lat' dir='ltr'>de</span> <span class='ocrx_word' id='word_1_222' title='bbox 654 2517 781 2539; x_wconf 85' lang='lat' dir='ltr'>museo</span> <span class='ocrx_word' id='word_1_223' title='bbox 810 2505 921 2541; x_wconf 73' lang='lat' dir='ltr'>dicto.</span> 
     </span>
    </p>
   </div>
  </div>
 </body>
</html>
