1801 3066
1247 178 1329 222 239

61 297 158 323 cum
186 281 342 321 habere
371 282 602 324 statuimus,
632 276 776 315 omnia
806 282 920 315 certe
939 276 1156 316 solvuntur
1184 276 1327 317 dubia.

59 362 311 407 Hunteri,
341 359 593 406 Scarpae,
621 355 808 391 virorum
830 351 956 406 laude
985 366 1077 390 mea
1101 368 1326 403 majorum,

61 440 307 477 auctoritate
341 446 407 470 me
443 433 553 470 tueri
581 443 769 482 possem,
807 428 881 466 sed
907 441 997 466 rem
1025 429 1257 478 simplicem
1287 440 1328 469 et

62 515 114 554 ab
142 510 439 567 hypothesium
468 508 745 560 phu-imarum
764 506 873 543 fastu
893 504 1074 543 alienam
1104 508 1328 546 comenda·

59 593 177 630 tione
203 600 293 626 non
319 588 509 640 indigere
538 586 898 636 persuasissimum
928 581 1079 620 habeo·

139 663 326 703 Cerebro
357 673 397 701 et
424 664 568 700 Nervis
609 660 808 697 Entozois
846 671 945 713 ergo
983 672 1072 697 non
1108 661 1327 707 concessis,

56 745 312 795 principium
352 751 550 777 nerveum
593 736 782 789 reliquae
827 737 1026 774 materiae
1069 745 1252 787 nuptum
1289 746 1331 775 et

56 821 292 857 immixtum
330 817 502 853 sensorii
537 812 844 866 qualiscunque
882 826 1199 867 nervorumque
1233 812 1330 852 fun-

60 897 188 934 ctioni
214 905 409 947 praeesse
436 902 740 943 supponamus.

549 1027 684 1097 Cap.
727 1027 821 1077 XI.

211 1138 305 1200 De
344 1135 734 1185 Encozoorzcm
774 1139 1172 1204 respiratione.

136 1261 472 1312 Respirationem
519 1257 768 1297 animalibus
813 1262 1081 1310 superiorum
1131 1259 1330 1298 ordinum

58 1320 256 1377 omnibus
311 1335 572 1372 functionem
621 1337 871 1385 praeprimis
927 1335 1190 1373 essentialem
1241 1348 1330 1373 esse

61 1413 290 1464 comperti,
327 1412 514 1449 Naturae
542 1420 794 1448 scrutatores
822 1420 912 1448 non
938 1420 1194 1461 potuerunt,
1221 1390 1330 1464 ’quin

60 1490 241 1529 eandem
269 1490 314 1525 in
343 1489 530 1525 entozois
561 1500 735 1538 quoque
765 1486 1053 1532 admitterent,
1075 1499 1329 1540 ¹argumenta

59 1576 200 1605 autem
239 1564 367 1616 longe
409 1563 603 1613 plurima,
661 1561 812 1614 quibus
856 1562 1144 1601 demonstrare
1187 1567 1329 1604 conati

0 1666 8 1676 1
57 1651 164 1689 sunt,
193 1643 281 1678 veri
309 1640 493 1690 speciem
520 1641 586 1675 vix
614 1641 835 1692 attingunt.

136 1716 525 1756 Vallisnierius
565 1713 689 1766 (bibl.
732 1725 862 1753 nostr.
890 1728 931 1754 n.
969 1719 1036 1765 48.
1066 1713 1163 1754 dell'
1194 1718 1326 1767 ovaja.

39 1811 99 1850 dp.
132 1799 208 1847 14.)
235 1805 315 1845 pro
343 1791 472 1830 seculi
498 1805 619 1830 more
644 1801 784 1843 partes
821 1794 866 1829 in
900 1792 1073 1845 reliquis
1111 1795 1328 1832 animanti·

57 1878 136 1915 bus
179 1871 321 1909 obvias
363 1866 573 1906 vermibus
616 1881 790 1920 quoque
838 1869 927 1906 dari
971 1872 1326 1920 persuasissimus,

57 1952 300 2001 lineamque
327 1946 508 1984 Asaridis
535 1944 824 1982 lumbricoidis
847 1945 1160 1985 abdominalem
1181 1961 1327 1986 corcu-

57 2029 197 2067 lorum
226 2026 375 2064 seriem
407 2024 617 2073 opinatus,
645 2021 769 2060 fibras
800 2031 1047 2061 transversas
1075 2023 1255 2063 Arterias
1286 2034 1328 2063 et

57 2106 212 2150 Venas,
239 2103 371 2141 lineas
401 2109 542 2137 autem
568 2098 761 2144 laterales
799 2099 984 2138 tracheas
1019 2102 1202 2145 vocavit;
1238 2115 1327 2140 rem

60 2190 204 2220 tamen
235 2178 411 2216 ulterius
459 2188 550 2214 non
586 2175 803 2227 explicuit;
850 2189 992 2214 verum
1036 2185 1177 2215 autem
1224 2192 1324 2217 vero

58 2257 229 2296 nonnisi
255 2254 375 2293 fibras
403 2256 598 2292 motrices
628 2265 736 2300 esse,
775 2254 866 2304 ipse
893 2254 937 2291 in
972 2253 1325 2305 praecedentibus

61 2333 360 2373 demonstravi.

139 2407 307 2449 Humb
323 2405 438 2445 ol'dt
465 2405 706 2456 (Versuche
726 2405 829 2445 iiber
846 2405 914 2445 die
932 2407 1113 2460 gereizte
1139 2405 1326 2449 Muskel-

3 2468 7 2477 x
61 2487 150 2527 und
185 2483 464 2525 Nervenfaser
503 2482 582 2523 Th.
609 2484 642 2522 Ι.
681 2498 725 2535 p.
762 2489 871 2537 272.)
913 2482 1324 2524 Vallisnierium
