1801 3066
408 168 486 208 5οὸ

405 276 592 314 mei-ata,
649 272 800 303 eontra
833 273 996 301 vermes
1028 262 1074 300 in
1102 270 1241 300 tractu
1267 259 1495 298 intestinali
1525 259 1672 301 obvios

404 345 660 397 propinata,
687 353 777 379 non
801 349 1002 392 possunt,
1041 339 1143 393 quin
1172 337 1413 389 saepissime
1442 322 1596 388 triplici
1626 343 1684 376 ex'

406 432 551 460 caussa
577 416 647 456 vel
681 417 889 455 incassum
925 413 994 453 vel
1034 427 1129 452 cum
1167 415 1285 467 aegri
1315 403 1569 451 detrimento
1600 412 1674 451 ad-

404 494 640 535 hibeantur.

481 573 624 612 Primo
654 571 788 610 enim:
840 581 1003 607 vermes
1043 565 1323 618 utplurimum
1350 566 1548 613 innocui,
1600 574 1673 603 aut

403 647 543 687 morbi
570 655 733 685 tantum
762 654 1001 699 symptoma
1030 653 1150 691 sunt,
1196 643 1347 682 iisdem
1386 645 1530 699 itaque
1560 640 1670 682 abla-

400 725 478 775 tis,
505 722 677 763 morbus
707 730 909 759 remanet.

483 786 705 839 Secundo:
739 795 952 835 vermibus
983 794 1167 848 depulsis
1198 807 1239 836 et
1268 797 1546 849 dispositione
1576 808 1669 833 cor-

399 878 515 929 poris
544 876 783 913 verminosa
810 885 900 911 non
929 871 1117 920 sublata,
1158 885 1272 911 nova
1301 872 1539 911 eorundem
1568 884 1668 910 con-

401 954 537 1007 geries
565 964 664 989 mox
698 947 1002 988 observabitur.

478 1027 627 1066 Tertio
658 1039 783 1064 vero:
833 1021 1205 1068 Antihelminthica
1231 1024 1438 1076 plurima,
1474 1037 1667 1076 praeser-
1704 1060 1705 1063 ,

399 1107 473 1143 tim
503 1104 706 1149 drastica,
736 1103 871 1156 aegris
899 1099 1010 1138 bene
1039 1098 1178 1138 multis
1205 1113 1447 1152 nunquam,
1477 1099 1565 1137 aliis
1595 1112 1665 1136 au·-

397 1192 483 1218 tem
513 1189 631 1217 certo
661 1177 811 1216 saltem
837 1178 880 1214 in
908 1185 1041 1221 statu,
1082 1174 1294 1226 quaedam
1322 1189 1358 1213 v.
1390 1191 1421 1213 c.
1439 1174 1658 1227 'calidiora

398 1255 464 1293 vel
494 1253 781 1301 debilitanda,
812 1264 903 1290 non
931 1252 1201 1289 conveniunt.

477 1333 590 1370 Cura
629 1331 776 1382 itaque
812 1325 1028 1366 rationalis
1069 1337 1111 1366 et
1147 1328 1358 1380 originem
1386 1328 1592 1367 vermium
1622 1336 1685 1373 et¹

396 1407 507 1447 mala
535 1406 586 1445 ab
615 1405 768 1444 iisdem
797 1403 1029 1442 derivanda
1058 1405 1239 1454 respicit.

480 1484 616 1533 Origo
646 1483 852 1520 vermium
888 1482 931 1518 in
961 1481 1061 1530 Cap.
1092 1479 1242 1520 XVIII.
1274 1482 1477 1531 exposita,
1517 1493 1662 1532 apar-

398 1563 502 1599 tium
533 1557 752 1598 debilitate
782 1568 823 1596 et
852 1555 1168 1595 dissimilatione
1197 1556 1377 1607 pendet;
1423 1570 1533 1609 quae
1571 1568 1662 1594 cor-

394 1651 472 1688 pus
501 1638 644 1688 itaque
678 1633 910 1681 roborent,
967 1631 1204 1670 eorundem
1242 1635 1387 1685 genesi
1425 1632 1592 1671 obstant
1619 1642 1661 1670 et

396 1710 727 1750 cumulationem
753 1710 1001 1761 impediunt.

473 1789 609 1839 Saepe
639 1787 779 1825 diaeta
806 1784 897 1824 sola
936 1783 1111 1832 sufficit,
1167 1783 1452 1822 habitaculum
1488 1797 1658 1832 sanum,

392 1875 531 1903 motus
564 1862 754 1910 debitus,
794 1862 876 1900 cibi
906 1861 1079 1912 eupepti
1109 1869 1150 1898 et
1177 1861 1455 1908 nutrientes,-
1479 1870 1520 1899 et
1548 1874 1657 1913 quae

394 1941 474 1979 huc
500 1943 715 1993 pertinent
742 1938 916 1991 reliqua.

472 2017 692 2055 Interdum
720 2028 824 2055 vero
856 2015 1021 2052 diaetae
1050 2015 1149 2053 vitia
1184 2012 1277 2051 tolli
1312 2024 1551 2066 nequeunt;
1592 2017 1656 2064 *sic

391 2107 601 2148 pauperes
646 2106 773 2144 saepe
814 2090 908 2129 cibo
937 2090 1127 2139 meliori,
1182 2089 1423 2128 habitaculo
1461 2093 1653 2142 puriori,

393 2172 451 2208 sic
479 2183 629 2224 greges
658 2168 917 2220 quandoque
945 2169 1107 2219 pascuis
1139 2169 1313 2204 omnino
1343 2169 1458 2206 siccis
1488 2179 1564 2206 etc.
1592 2173 1655 2208 uti

391 2260 483 2285 non
509 2236 704 2297 possunt:
742 2255 811 2284 aut
839 2246 1030 2296 corporis
1058 2242 1174 2282 labes
1203 2245 1361 2296 major,
1391 2257 1518 2295 quam
1546 2258 1653 2298 quae

395 2323 533 2361 diaeta
563 2322 654 2361 sola
682 2322 839 2361 auferri
866 2329 1032 2373 posset:
1066 2333 1150 2372 quo
1179 2329 1359 2371 utroque
1387 2322 1430 2357 in
1461 2316 1558 2359 casu
1586 2323 1654 2359 sti-

393 2399 494 2437 muli
531 2399 728 2437 fortiores
768 2396 993 2444 accedant,
1049 2411 1123 2434 seu
1161 2396 1488 2448 medicamenta,
1544 2410 1652 2451 quae
1698 2380 1704 2383 -

395 2474 602 2515 diathesin
627 2477 910 2515 verminosam
939 2471 1099 2512 tollant.
