1801 3066
1272 189 1324 227 99

111 279 233 318 brico
262 276 370 325 lato,
399 279 441 314 in
470 288 578 327 quo,
616 271 806 311 Historia
833 274 1034 323 naturali,
1074 290 1168 315 cum
1196 279 1322 317 Asca-

111 353 266 400 ridum,
296 364 382 391 tum
405 353 575 388 intimae
602 346 924 387 coadunationis
946 364 1093 389 eorum
1123 354 1176 390 acl
1198 368 1321 405 quas-

115 443 280 482 cunque
306 424 517 465 Lumbrici
544 424 617 462 lati
646 425 824 475 species,
853 424 907 464 de
943 425 1092 478 quibus
1122 426 1322 469 hactenus

114 507 472 555 disceptaverunt,
521 500 826 546 conficiendas;
877 514 1022 540 omnes
1063 507 1140 540 nac
1185 505 1237 541 de
1274 521 1322 544 re

111 580 448 625 controversiae,
504 575 812 627 simplicissimo
852 580 1043 617 omnium
1083 589 1321 633 systemate,

108 656 277 706 penitus
306 653 477 692 tandem
511 650 770 690 dirimuntur
808 667 829 690 a
872 653 1157 705 Stephano
1190 658 1323 694 Cou—

106 730 177 770 let.
215 732 263 769 L.
292 731 336 768 B.
371 742 479 780 1729.
510 736 595 773 228.
626 742 665 780 p.
695 732 731 769 8.
762 730 787 754 θ
815 743 906 767 cum
929 730 1067 769 tabula
1091 745 1180 769 aen.
1213 746 1322 784 quae

108 810 287 857 majores
327 806 514 843 Taeniae
555 809 798 855 portiones,
849 817 891 844 et.
936 806 1030 844 libri
1067 819 1321 846 ornamento

108 883 329 936 (Vignette
357 883 556 932 vocant),
595 880 713 931 quod
753 883 939 934 singulos
980 884 1175 923 articulos
1206 888 1320 925 sistit.

105 961 269 997 Auctor
309 957 514 995 Ascaridis
553 956 835 995 vermicularis
878 961 1071 1010 ignarus,
1132 962 1321 999 Taeniae

107 1034 303 1072 articulos
332 1034 519 1087 singulos
547 1047 628 1084 pro
668 1032 937 1072 Ascaridibus
968 1036 1182 1084 venditat,
1222 1039 1322 1075 dicit

107 1113 219 1149 enim
246 1123 287 1162 p.
315 1112 372 1150 15.
403 1111 595 1148 »Ascaris
628 1119 690 1148 est
718 1109 969 1148 vermiculus
998 1111 1165 1162 planus,
1197 1127 1321 1165 quar-

106 1195 190 1225 tam
218 1185 357 1225 lineae
384 1188 507 1225 unius
536 1196 704 1238 partem
729 1199 910 1240 crassus;
938 1185 1209 1242 longitudine
1237 1204 1322 1228 ses-

109 1262 417 1316 quipollicaris,
445 1260 590 1314 paullo
620 1262 740 1314 plus,
782 1264 816 1300 si
845 1263 1051 1315 grandior
1078 1265 1146 1314 fit,
1174 1267 1319 1318 paullo

105 1342 256 1386 minus,
285 1341 319 1377 si
334 1341 494 1390 junior;
528 1349 655 1390 atque
674 1337 971 1388 sesquilineam
989 1341 1154 1377 circiter
1174 1340 1321 1379 latus«

105 1412 308 1451 Canalem
334 1415 380 1450 in
409 1412 564 1450 eodem
593 1411 768 1449 articulo
819 1412 1041 1461 (Ascaride
1071 1414 1150 1451 sibi
1179 1416 1319 1469 dicto)

104 1487 326 1527 lateralem
366 1490 492 1526 etiam
527 1486 678 1534 habet,
715 1500 809 1524 cum
838 1487 1050 1527 foramine
1078 1492 1316 1543 marginali,

106 1578 146 1615 p.
181 1569 238 1608 18.
294 1562 355 1600 Ex
383 1561 496 1599 hisce
534 1560 801 1599 Ascaridibus
841 1560 993 1600 fictitiis
1035 1565 1134 1611 (seu
1169 1576 1320 1614 postea

107 1637 331 1678 Gouleti
360 1637 496 1687 dictis)
527 1637 731 1674 Taeniam
763 1636 989 1675 conflatam
1017 1637 1241 1678 fabulatur.

52 1719 139 1766 341.
169 1714 295 1752 Sam.
337 1713 501 1751 Ernst
537 1714 644 1751 Diss.
683 1713 737 1751 de
775 1714 938 1751 Taenia
976 1715 1163 1753 secunda
1201 1716 1319 1756 Pla-

104 1792 225 1830 teri.
279 1786 402 1828 Basil.
437 1796 546 1842 1745.
584 1795 621 1840 4.
656 1803 698 1842 p.
727 1790 789 1829 51.
831 1803 927 1827 cum
962 1789 1032 1844 fig.
1061 1794 1148 1829 aeri
1175 1795 1316 1833 incisa.

104 1866 400 1920 Dryander.
472 1866 640 1907 Canalis
691 1869 771 1905 toti
821 1877 996 1905 catenae
1039 1868 1316 1908 articulorum

106 1944 362 1990 communis,
411 1956 507 1981 cum
545 1945 670 1982 ranfis
709 1943 866 1981 lacteis.
932 1943 1136 1982 Catenam
1172 1948 1316 1996 potius

104 2017 478 2068 animalculorum,
514 2034 639 2072 quam
677 2022 849 2058 unicum
886 2033 976 2057 esse
1006 2009 1185 2067 animalss
1222 2037 1318 2061 cum

105 2097 190 2146 ejus
229 2105 445 2143 anatome,
488 2096 622 2148 qualis
653 2095 834 2147 adparet
859 2099 966 2134 vasis
999 2095 1224 2136 artificiose
1251 2112 1317 2136 re-

104 2170 239 2221 pletis.
293 2170 491 2209 Haller
519 2170 622 2210 Bibl.
653 2171 772 2210 Anat.
814 2171 936 2211 Conf.
980 2185 1020 2209 n.
1049 2174 1139 2225 549.

57 2247 144 2296 542.
173 2245 267 2284 Ron
295 2248 515 2301 auga-ende
542 2247 721 2286 Binnike
748 2247 942 2298 Masken,
973 2249 1126 2302 giorde
1148 2248 1228 2287 och
1251 2252 1314 2288 in-

110 2321 239 2359 sande
287 2322 330 2360 af
365 2323 482 2362 Nils
529 2321 721 2363 Rosen.
813 2324 881 2363 ln:
938 2324 1138 2363 Vetensk.
1185 2326 1314 2364 Acad.

114 2395 267 2436 Handl.
311 2403 418 2448 1747.
457 2412 498 2450 p.
542 2407 653 2445 113-
677 2399 761 2440 126.
790 2401 816 2426 ’κ
873 2401 927 2440 de
963 2414 1316 2454 paroxysmorum

110 2477 297 2521 ratione,
324 2473 493 2513 medela
522 2485 597 2514 etc.

846 2552 938 2591 Gz
