1801 3066
1392 153 1470 204 267

199 260 301 298 dum
330 257 434 298 haec
461 255 612 301 scribo,
641 256 686 292 in
719 253 897 291 Taenia
919 267 1081 305 por-osa
1118 255 1221 294 mihi
1261 257 1370 297 dicta
1409 260 1470 309 (in

198 337 310 374 Laro
333 335 536 373 cinerario
558 330 695 379 obvia,
726 338 768 367 et
788 329 939 367 osculis
957 333 1132 383 magnis,
1161 332 1470 373 Trematodum

199 414 313 463 poris
341 405 554 452 similibus,
582 408 754 458 insigni)
783 409 936 444 iterum
964 407 1135 444 videndi
1172 412 1468 461 opportunitas

199 485 457 525 conceditur.
520 481 584 521 Ab
628 482 775 521 osculis
819 485 963 533 itaque
1006 484 1089 520 orti
1131 495 1271 522 versus
1315 500 1470 538 corpus

196 570 430 612 prorepunt
474 569 515 598 et
555 562 599 596 in
642 559 791 597 eodem
841 571 967 610 saepe
1010 556 1300 607 occultantur,
1356 563 1470 600 unde

197 640 323 676 etiam
354 637 406 675 de
424 635 656 674 eorundem
674 646 853 672 numero
876 646 1004 685 saepe
1030 633 1275 688 ambigitur:
1309 645 1371 674 tot
1399 651 1471 676 au·

197 723 296 760 tem,
328 721 435 765 quot
461 710 606 749 oscula
634 718 743 757 sunt,
775 720 815 748 et
841 712 962 748 initio
993 711 1158 750 canales
1188 720 1336 758 erunt,
1375 726 1471 750 mox

197 792 241 828 in
271 789 377 827 duos
407 800 594 825 unumve
629 787 797 827 abituri.
854 787 898 824 Si
928 786 1035 825 duos
1079 797 1241 825 tantum
1268 790 1314 826 in
1343 787 1472 827 altera

202 866 344 917 capitis
371 872 490 915 parte
518 864 649 911 vides,
681 864 858 901 totidem
886 864 930 900 in
959 863 1088 902 altera
1112 864 1300 915 ejusdem
1319 866 1474 918 pagina

198 940 328 980 latere
356 953 411 978 ne
441 939 708 986 obliviscaris,
739 949 778 978 et
805 941 850 977 in
879 938 1156 991 quibusdam,
1187 940 1311 979 vaide
1338 922 1474 993 {eliu-

200 1016 316 1064 cidis,
345 1030 380 1055 v.
413 1030 446 1055 c.
475 1017 526 1055 T.
556 1030 730 1068 porosa,
759 1028 907 1054 omnes
938 1003 1123 1068 quatuos
1150 1015 1276 1054 simul
1304 1019 1348 1054 in
1375 1029 1475 1056 con-

198 1103 389 1144 spectum
416 1096 600 1133 veniunt.
658 1095 700 1132 Si
729 1092 893 1132 articuli
916 1105 1015 1130 mox
1043 1106 1066 1130 a
1097 1095 1233 1144 capite
1250 1096 1471 1145 incipiunt,

201 1170 366 1208 canales
393 1173 498 1208 recti
526 1172 726 1223 utrinque
754 1184 833 1222 per
871 1169 1045 1208 eosdem
1072 1171 1306 1223 marginem
1333 1184 1475 1210 versus

202 1246 487 1297 descendunt,
525 1249 558 1285 si
587 1247 743 1285 collum
774 1255 915 1284 autem
946 1245 1062 1283 adest
1088 1259 1179 1284 non
1207 1247 1476 1299 articulatum

204 1322 367 1361 canales
395 1324 440 1361 in
468 1324 654 1373 ejusdem
683 1322 914 1360 medietate
943 1335 1064 1360 cursu
1100 1325 1341 1373 serpentino
1378 1336 1478 1374 pro-

203 1412 365 1453 gressus
393 1398 566 1438 videbis.
619 1399 670 1439 In
707 1398 818 1437 collo
858 1399 986 1437 iidem
1022 1398 1236 1436 interdum
1280 1402 1477 1438 conveni-

204 1486 281 1521 unt
309 1485 350 1514 et
382 1477 439 1514 sic
466 1478 512 1514 in
537 1475 750 1514 vermibus
789 1473 1095 1527 angustioribus
1125 1475 1297 1513 tandem
1340 1476 1480 1514 occul-

206 1561 362 1599 tantur,
389 1560 437 1588 ut
463 1564 567 1589 num
596 1551 682 1589 duo
713 1553 922 1601 supersint
947 1563 1024 1588 nos
1053 1550 1205 1604 fugiat;
1243 1551 1478 1591 Goezius

206 1626 590 1681 (Naturgeschichte
619 1628 696 1666 der
723 1628 948 1683 Eingeww.
976 1640 1018 1679 p.
1049 1632 1138 1679 427.
1168 1627 1274 1666 Tab.
1295 1630 1359 1674 55.
1391 1629 1478 1682 Fig.

205 1705 261 1756 5.)
291 1707 336 1742 in
368 1704 542 1742 Taenia
571 1703 773 1754 (bufonis)
803 1702 989 1757 dispare
1016 1717 1164 1743 omnes
1205 1713 1386 1758 quatuor
1415 1719 1481 1744 ca-

204 1781 320 1820 nales
347 1783 392 1818 in
418 1782 592 1819 unicum
620 1780 894 1834 eundemque
919 1781 1110 1820 medium
1145 1783 1321 1820 transire
1361 1782 1481 1820 vidit.

208 1857 494 1910 Quorundam
531 1867 603 1896 aut
641 1857 927 1911 parenchyma
971 1859 1159 1905 crassius,
1203 1867 1276 1896 aut
1317 1860 1482 1898 articuli

208 1937 330 1974 nimis
360 1934 531 1982 breves,
569 1933 637 1972 vel
662 1932 918 1988 marginibus
945 1933 1097 1974 baseos
1120 1934 1283 1988 plicatis
1303 1935 1481 1975 undula-

209 2014 314 2051 tisve
352 2009 576 2050 articulum
602 2011 892 2063 insequentem
921 2013 1145 2050 maximam
1171 2022 1332 2064 partem
1361 2011 1482 2051 obte-

149 2122 152 2126 .
210 2097 368 2143 gentes,
399 2096 469 2126 aut
494 2088 618 2126 nimis
649 2089 824 2142 angusti,
851 2087 1104 2140 impediunt,
1134 2102 1221 2142 quo
1249 2091 1386 2128 minus
1417 2102 1483 2127 ca·

211 2165 326 2204 nales
353 2163 547 2204 laterales
581 2165 913 2215 conspiciantur;
942 2164 1071 2203 iidem
1102 2178 1124 2203 e
1146 2174 1292 2204 contra
1311 2167 1355 2202 in
1377 2164 1484 2202 Tae-

214 2280 284 2310 niis
306 2285 429 2310 tamen
455 2275 558 2310 siluri
584 2287 657 2310 tam
693 2277 867 2310 osculata
900 2289 1010 2325 quam
1045 2277 1216 2324 cagycina
1248 2277 1341 2311 mihi
1375 2275 1483 2312 dictis

216 2333 410 2369 rostellum
436 2334 542 2384 apice
575 2334 720 2369 soveam
755 2334 970 2383 impressam
1003 2335 1134 2373 habet.
1171 2335 1339 2370 osculum
1379 2334 1483 2382 quasi

218 2393 390 2444 quintum
408 2392 647 2437 reFerentem3
675 2393 714 2428 in
732 2393 1044 2440 Bothrioceplmlo
1062 2393 1346 2441 macroceplzczlo
1365 2393 1484 2437 (Tae-

217 2456 282 2485 nia
306 2455 500 2485 immerina
523 2451 803 2506 Abilgaard)
828 2451 958 2492 foveae
992 2451 1087 2486 duae
1120 2452 1243 2487 minus
1275 2450 1483 2503 profundae

218 2509 258 2542 in
284 2507 418 2556 capitis
443 2518 546 2554 parte
572 2509 694 2544 antica
719 2510 969 2547 observantur.
