1801 3066
453 166 533 212 410
1224 123 1268 165 ‘⁹

449 265 567 306 „ales
603 264 765 315 pariter
803 259 1082 309 copiosiores,
1126 260 1183 296 sic
1219 259 1264 295 in
1304 260 1421 309 equis
1453 259 1609 299 malleo
1642 260 1719 301 hu-

450 341 568 379 mido
596 334 886 376 laborantibus
915 334 1043 372 iidem
1074 337 1208 373 omnis
1239 338 1403 387 generis
1426 339 1714 388 copiosi-ssimi.

529 415 690 454 Eadem
718 425 893 465 prorsus
923 415 1090 449 ratione
1118 410 1524 465 leucophlegmatia,
1563 412 1631 452 vel
1659 423 1720 452 te-
1757 403 1778 414 ⁴⁵

449 494 518 534 lae
558 489 783 530 cellulosae
822 487 976 526 humor
1013 490 1134 526 nimis
1166 487 1410 535 abundans,
1453 487 1520 527 vel
1547 491 1719 528 visceris
1794 540 1797 543 ῃ

453 568 668 622 cujusdam
695 565 812 603 labes
842 562 1101 619 hydropica,
1139 562 1206 602 vel
1234 562 1434 617 lymphae
1464 566 1646 617 quadam
1673 568 1718 606 in.

446 656 567 700 parte
597 641 837 686 cumulatio,
865 641 933 679 vel
962 644 1060 679 vitia
1087 639 1202 679 hisce
1231 640 1381 678 similia
1407 654 1571 679 vermes
1595 643 1738 695 cystimv

449 737 520 763 cos
549 722 737 772 aliosque
770 716 894 755 facile
924 728 1139 771 generant.

526 796 732 838 Omnibus
774 794 981 846 ejusmodi
1017 795 1062 832 in
1100 794 1261 832 casibus
1290 808 1413 844 pars,
1458 796 1525 833 cui
1551 803 1714 837 vermes

442 880 736 922 innascantur,
786 873 960 924 energia
1001 881 1042 910 et
1079 873 1229 925 vigore
1269 870 1417 909 debitis
1446 885 1535 909 non
1562 869 1715 922 pollet,
1751 882 1752 885 ’

446 962 488 991 et
516 965 626 1004 quae
649 947 913 987 assimilanda
937 949 1124 993 veniunt,
1155 947 1349 1000 subigere
1375 958 1415 986 et
1437 961 1510 986 sua
1528 947 1714 1001 ireddere

440 1040 531 1067 non
570 1026 703 1073 valet,
747 1034 818 1062 aut
857 1027 947 1075 ipsa
984 1023 1051 1061 vel
1081 1026 1126 1063 in
1154 1023 1375 1075 superficie
1404 1024 1472 1063 vel
1502 1023 1584 1062 alio
1613 1023 1712 1063 loco

444 1099 619 1142 alienari
650 1112 691 1140 et
728 1103 846 1154 quasi
886 1101 1146 1152 decom'poni
1174 1093 1344 1152 incipit,
1387 1111 1458 1138 aut
1484 1099 1713 1151 particulas

442 1178 648 1217 relaxatas
677 1191 766 1215 non
794 1180 975 1224 retinet,
1007 1186 1078 1214 aut
1107 1179 1391 1214 secretionem
1418 1186 1714 1227 praeternatu-

440 1253 572 1292 ralem
614 1255 739 1301 sistit,
780 1261 828 1289 ut
862 1266 1027 1300 serum,
1068 1250 1266 1305 lympha,
1304 1265 1454 1290 mucor
1491 1253 1712 1302 excedant,

442 1339 485 1368 et
521 1343 631 1381 quae
671 1328 876 1379 ejusmodi
919 1338 1015 1366 sunt
1049 1327 1243 1378 plurima.
1314 1327 1489 1366 Talibus
1528 1341 1632 1367 vero
1667 1329 1712 1367 in

437 1403 652 1458 particulis
681 1406 886 1452 remissis,
915 1406 959 1442 in
986 1418 1137 1452 muco,
1175 1403 1372 1459 lympha,
1402 1406 1550 1443 ceteris
1580 1402 1712 1442 colle-

437 1484 510 1520 ctis
547 1483 804 1532 principium
845 1480 971 1519 vitale
1011 1495 1111 1519 suae
1151 1484 1312 1533 spontis
1353 1480 1513 1519 factum
1553 1493 1708 1531 corpus

434 1559 574 1596 vivum
604 1566 645 1595 et
674 1559 919 1610 organicum
951 1556 1126 1610 effingit,
1159 1571 1234 1595 seu
1260 1557 1499 1596 animalculi
1530 1570 1709 1611 germen

436 1634 573 1670 oritur
602 1631 729 1670 rebus
758 1632 994 1671 faventibus
1025 1631 1319 1672 excolendum.

511 1707 581 1746 IV.
611 1710 919 1746 Encozoornm
947 1709 1034 1747 hoc
1062 1708 1198 1747 modo
1228 1718 1466 1747 enatorum
1497 1707 1707 1748 observa-

590 1784 732 1821 tiones
757 1798 849 1821 non
878 1785 1048 1823 desunt.

511 1861 671 1913 Quovis
719 1862 763 1898 in
814 1875 1000 1913 corpore
1049 1857 1217 1900 animali
1270 1874 1434 1899 vermes
1487 1863 1572 1912 ejus
1617 1863 1704 1913 pri-

430 1949 522 1974 mos
552 1935 684 1973 modo
715 1937 871 1976 tradito
903 1948 1022 1976 ortos
1054 1951 1167 1985 esse,
1211 1939 1353 1975 omnia
1382 1937 1585 1986 suadent,
1623 1937 1702 1977 sed

429 2009 549 2061 hujus
595 2023 828 2062 proventus
867 2013 1060 2066 exempla
1102 2015 1230 2053 etiam
1270 2013 1424 2052 dantur
1465 2028 1558 2053 rem
1601 2026 1702 2053 con-

428 2086 624 2137 ficientia.

506 2163 557 2214 131
583 2164 738 2215 hepate
774 2167 953 2220 cystides
993 2180 1121 2218 saepe
1158 2166 1434 2218 reperiuntur
1471 2163 1697 2219 hydatibus

430 2241 620 2278 animatis
649 2240 905 2290 simillimae,
943 2243 1021 2281 sed
1050 2243 1252 2281 dissectae
1279 2242 1449 2279 nonnisi
1477 2242 1696 2280 materiam

427 2330 669 2369 grumosam
701 2327 772 2355 aut
801 2331 1013 2357 caseosam
1041 2317 1246 2364 feserunt,
1275 2316 1406 2355 futuri
1435 2316 1582 2356 forsan
1603 2330 1700 2356 ver*

428 2394 506 2430 mis
543 2395 815 2445 principium.
888 2393 1078 2433 Eaedem
1114 2392 1328 2432 interdum
1356 2391 1603 2446 hydaudem
1631 2394 1694 2430 in—
