1801 3066
448 146 526 196 274

453 249 611 301 specti,
643 246 716 300 qui
742 254 937 284 naturam
957 256 1097 281 rerum
1112 243 1355 300 saepissime
1381 244 1618 283 anomalam
1648 228 1725 285 ob-x

452 324 656 366 servando
684 323 796 376 leges
827 320 1037 359 absolutas
1056 319 1202 357 timide
1221 319 1396 370 profert,
1427 320 1557 358 altera
1585 336 1722 362 econ-

451 412 516 442 tra
544 402 689 454 opinio
725 398 962 437 nullatenus
1002 395 1257 447 recipienda.
1326 395 1574 451 Zoophyta,
1618 404 1724 451 quo-

450 493 543 519 rum
572 476 686 516 haud
712 488 851 528 pauca
880 480 1130 512 structuram
1174 471 1310 510 eidem
1349 475 1590 525 oppositam
1620 474 1726 513 offe-

450 565 563 603 runt,
593 553 687 591 heic
715 552 800 590 loci
829 562 917 592 non
945 561 1113 596 moror,
1143 547 1219 586 sed
1246 547 1533 587 Entozoorum
1550 542 1724 589 'tantum

453 631 646 684 exemplo
679 627 866 680 ejusdem
893 624 1118 663 falsitatem
1147 626 1350 666 evincam'.
1409 622 1473 666 (31.
1509 628 1571 665 vir
1613 629 1724 665 Tae-

452 711 630 749 niarum
658 715 698 744 et
729 703 1085 756 Cynices-corum
1115 701 1259 740 oscula
1288 703 1474 740 suctoria
1514 704 1724 742 oris'vici-

451 786 529 825 bus
558 784 676 836 fungi
705 789 850 832 negat,
896 787 935 815 et
970 779 1249 831 generationis
1293 792 1380 817 esse
1408 792 1565 833 organa
1592 781 1725 832 suspi-

454 872 572 901 catur
583 888 597 909 ,
628 857 748 911 quod
778 853 1010 893 eorundem
1030 863 1171 892 autem
1194 865 1426 895 structurae
1443 845 1723 911 ignorantiam

452 950 658 979 summam
694 932 861 986 prodit,
900 927 1107 988 vermium
1146 934 1258 970 enim
1296 933 1507 971 dictorum
1547 931 1722 971 alterum

437 1027 583 1071 vgenus
615 1010 841 1060 (Taenia)
882 1006 1121 1060 genitalium
1154 1017 1360 1060 apparatu
1386 1008 1514 1063 longe
1541 1000 1720 1056 div'erso,

453 1101 495 1131 et
521 1093 564 1128 in
604 1089 754 1139 Capite
791 1087 1037 1136 insequente
1066 1084 1343 1136 exponendo,
1368 1087 1617 1124 instructum
1646 1094 1721 1134 est,
1760 1096 1763 1100 ’

459 1164 703 1220 Cyscz'cerci
739 1160 935 1216 genitalia
973 1161 1144 1212 quidem
1182 1165 1449 1215 ignorantur,
1486 1163 1722 1201 nutritionis

454 1251 674 1295 apparatus
705 1246 846 1275 autem
875 1235 986 1274 idem
1017 1246 1091 1277 est.
1162 1238 1490 1291 Tetrathynclci
1525 1239 1571 1278 et'
1593 1239 1721 1292 Poly-

452 1326 654 1356 scomaca
683 1316 717 1352 si
746 1313 883 1351 eidem
920 1313 1231 1360 innotuissent,
1270 1312 1490 1366 generibus
1529 1314 1722 1353 affinibus

452 1401 620 1446 praeter
647 1387 924 1443 proboscides
954 1396 995 1425 et
1012 1401 1143 1440 poros
1171 1389 1472 1442 multiplicatos
1499 1391 1721 1438 simillima,

454 1470 606 1508 horum
638 1481 720 1520 ope
764 1466 817 1504 ad
846 1465 1102 1503 Taeniarum
1143 1474 1184 1504 et
1214 1466 1550 1521 Cysticercorum
1579 1467 1723 1506 oscula
1755 1502 1757 1504 .

452 1547 638 1585 suctoria
667 1545 886 1582 transitum
916 1540 1086 1585 haberi,
1128 1541 1653 1598 observando,j-opinione
1673 1542 1721 1580 il-

451 1622 492 1660 la
518 1622 776 1673 postposita,
806 1626 992 1656 nostram
1029 1626 1141 1655 certe
1178 1617 1425 1656 sententiam
1453 1619 1720 1663 suarnfecis-

452 1707 534 1745 set,
593 1705 635 1734 et
670 1695 874 1732 Eszcozoa
907 1694 1109 1746 plurima
1143 1707 1222 1731 ore
1248 1693 1453 1748 simplici,
1481 1694 1720 1748 multiplici

451 1774 542 1813 alia
573 1774 794 1810 instructa
831 1769 1044 1821 professus
1085 1779 1200 1808 esset.

557 1848 753 1886 Entozois
788 1859 889 1883 vero
918 1846 1106 1898 plurimis
1135 1842 1302 1898 praeter
1344 1859 1389 1884 os
1418 1847 1590 1899 simplex
1618 1860 1725 1887 anus·

453 1938 627 1980 quoque
665 1923 908 1975 denegatur.
980 1921 1271 1960 Nematoideis
1307 1930 1349 1960 et
1385 1921 1718 1977 Prionodermati

452 1999 817 2057 quemadmodum
864 2011 909 2036 os
937 1997 1124 2049 simplex,
1163 2000 1222 2035 ita
1252 2007 1292 2037 et
1322 2011 1422 2036 anus
1449 2000 1712 2058 fonceditur,

450 2082 496 2118 in
525 2076 717 2117 omnibus
746 2074 939 2126 reliquis,
967 2073 1064 2117 licet
1090 2073 1558 2126 Acanthocephalorum
1584 2061 1716 2127 pluri-

451 2169 645 2202 morum,
689 2150 1039 2204 etrquorunclam
1085 2159 1125 2188 et
1153 2151 1457 2193 Trematodum
1488 2160 1527 2189 et
1556 2150 1715 2190 Cestoi-

452 2233 631 2272 deorum
660 2239 702 2268 et
729 2229 989 2282 Cysticorum
1021 2239 1067 2264 os
1097 2227 1270 2278 simplex
1311 2226 1573 2275 observetur,
1614 2241 1714 2268 anus

451 2318 595 2347 tamen
621 2319 709 2346 non
739 2304 867 2342 adest.
937 2303 1312 2340 Nematoideorum
1342 2306 1487 2356 itaque
1514 2304 1713 2344 alimento

449 2386 612 2438 ingesto
641 2379 870 2434 particulae
896 2377 1158 2418 faeculentae
1193 2388 1233 2416 et
1262 2371 1598 2419 excrementitiae
1626 2394 1714 2420 cer-

451 2462 610 2499 tissime
653 2460 810 2502 insunt;
852 2455 1154 2494 Trematodum
1194 2455 1341 2495 saltem
1381 2458 1538 2508 pariter
1576 2458 1711 2496 inesse
