1801 3066
295 2833 317 2851 R}

453 160 535 208 366

454 279 523 319 70.
550 280 596 319 p.
614 269 697 318 57.)
727 256 1092 308 Gasteros'teorum
1122 270 1410 310 aculeatorum
1434 275 1600 324 copiam
1627 287 1725 315 ana-

455 343 567 382 tibus
597 342 759 382 duabus
789 343 959 393 obtulit,
996 355 1043 383 ut
1081 360 1159 398 per
1187 348 1373 386 triduum
1406 349 1486 387 illis
1514 349 1724 390 solisves-

454 428 670 467 cerentur;
713 420 914 459 Anatibus
962 425 1177 470 mactatis,
1222 427 1266 462 'm
1306 425 1435 464 altera
1464 425 1723 465 Gasterostei

451 498 707 537 Taeniarum
743 500 955 551 sexaginta
995 499 1073 537 tria
1109 501 1361 549 specimina,
1402 503 1446 538 in
1474 501 1603 540 altera
1629 505 1724 541 uni-

451 588 547 614 cum
575 583 737 612 tantum
771 576 947 625 reperit,
986 576 1129 613 omnia
1156 588 1257 613 vero
1286 577 1396 621 viva;
1424 586 1606 630 utraque
1630 581 1721 632 qui-

450 650 548 689 dem
577 663 675 689 anas
704 653 836 702 pisces
867 651 1063 689 aviditate
1092 652 1261 704 aequali
1291 652 1579 701 devoraverat,
1610 654 1720 694 illius

448 738 590 767 autem
617 735 771 766 tractus
799 727 1043 765 intestinalis
1072 729 1276 779 majorem
1295 730 1406 766 muci
1430 731 1600 780 copiam
1619 743 1720 770 con-

445 803 621 848 tinebat,
651 805 695 842 in
724 817 810 857 quo
839 804 1026 842 Taeniae
1053 803 1215 842 facilius
1243 802 1424 842 nidulari
1451 815 1638 858 possent.

549 881 848 932 Experimento
877 882 980 918 isto:
1004 881 1200 932 primum
1228 893 1414 930 vermes,
1452 883 1716 932 animalium,

443 962 487 997 in
516 957 668 1011 quibus
697 959 984 1004 continentur,
1024 970 1095 994 esu
1134 959 1436 995 communicari
1462 972 1615 1010 posse;
1651 974 1716 998 se-

444 1034 592 1074 cundo
636 1042 777 1072 autem
821 1046 978 1072 vermes
1027 1033 1272 1070 animalium
1317 1037 1517 1088 sanguine
1553 1036 1713 1090 frigido

442 1113 650 1151 utentium
678 1112 722 1148 in
751 1108 999 1148 animalibus
1029 1109 1167 1147 calido
1204 1112 1414 1149 instructis
1442 1124 1531 1150 non
1558 1115 1713 1163 perire,

443 1189 630 1230 efficitur.

572 1263 682 1303 Illud
719 1262 823 1300 meis
862 1272 1039 1313 quoque
1077 1261 1441 1301 observationibus
1485 1264 1707 1316 probatur,

437 1355 538 1381 nam
565 1343 610 1378 in
637 1338 844 1377 Salmonis
874 1336 1047 1383 Salen-is,
1084 1340 1322 1389 saepissime
1352 1352 1374 1377 a
1403 1353 1472 1378 me
1501 1343 1712 1380 examina-

438 1422 492 1468 ti,
520 1415 755 1457 ventriculo
786 1413 918 1454 semel
960 1413 1063 1452 duas
1094 1402 1353 1454 Gasterostei
1384 1417 1582 1454 Taenias
1607 1418 1710 1455 soli-

438 1496 521 1535 das
546 1496 656 1533 vivas
684 1494 847 1546 reperi,
878 1504 988 1543 quae
1017 1490 1116 1529 alias
1144 1493 1189 1529 in
1216 1494 1333 1543 pisce
1362 1492 1501 1540 dicto,
1529 1497 1707 1546 propria

434 1573 634 1611 infestato
663 1570 845 1616 Taenia,
874 1580 963 1606 non
991 1576 1236 1607 occurrunt.
1289 1564 1500 1606 Discom'a
1524 1569 1625 1608 lucii
1644 1579 1707 1608 te-

434 1647 640 1687 retia-olle
683 1644 810 1684 semel
854 1646 899 1682 in
942 1643 1098 1682 Percae
1141 1643 1429 1693 Luciopercae
1471 1647 1704 1686 ventriculo

434 1725 678 1770 observavi,
717 1733 828 1774 quae
854 1719 999 1757 itidem
1028 1722 1252 1771 proprium
1281 1720 1497 1768 Distoma,
1547 1721 1599 1759 ab
1627 1722 1701 1760 illo

433 1801 783 1845 diversissimum,
811 1797 947 1840 fovet3
976 1797 1027 1833 in?
1047 1796 1188 1833 Esocis
1202 1796 1301 1833 lucii
1320 1797 1552 1835 ventriculo
1578 1811 1704 1849 prae-

431 1889 496 1917 ter
523 1879 712 1916 Distoma
741 1871 971 1912 tereticolle
1002 1872 1139 1910 eidem
1168 1871 1386 1920 familiare,
1418 1872 1541 1910 aliam
1572 1876 1700 1913 etiam

430 1956 613 2008 speciem
653 1953 871 1990 minimam
918 1957 960 1986 et
1003 1948 1320 1987 diversissimam
1373 1949 1504 1987 semel
1544 1953 1698 2001 reperi,

430 2045 559 2086 quam
587 2038 726 2068 autem
768 2039 867 2065 casu
912 2025 1101 2077 perdidi,
1147 2034 1195 2063 ut
1243 2025 1416 2063 ulterius
1463 2028 1699 2064 examinare

427 2122 517 2148 non
542 2107 768 2159 potuerim.
822 2103 869 2142 In
897 2103 1075 2153 piscium
1105 2101 1288 2154 denique
1314 2101 1592 2153 plurimorum
1617 2110 1698 2140 tra-

429 2196 499 2224 ctu
538 2181 764 2223 intestinali
804 2191 966 2218 vermes
1008 2178 1138 2215 iidem
1176 2180 1414 2229 promiscue
1450 2187 1696 2225 occurrunt,

428 2274 612 2315 cumque
638 2260 774 2311 pisces
823 2267 971 2294 omnes
1009 2267 1183 2304 rapaces
1226 2256 1329 2300 sint,
1378 2252 1564 2318 hospites
1592 2255 1695 2294 istos

426 2352 522 2378 cum
550 2335 759 2389 piscibus,
788 2336 893 2385 quos
920 2333 1101 2383 integros
1129 2343 1254 2380 saepe
1284 2329 1540 2383 deglutiunt,
1577 2329 1695 2368 facil-

424 2415 526 2454 lime
551 2415 781 2464 recipiunt,
818 2408 917 2447 inde
955 2406 1109 2462 eodem
1148 2404 1275 2458 saepe
1313 2409 1356 2444 in
1384 2408 1500 2457 pisce
1527 2415 1694 2457 praeter

424 2486 801 2543 Echinorbynchos
836 2483 1052 2537 vulgares,
1090 2485 1341 2522 accessorios
1387 2483 1532 2532 varios
1567 2494 1691 2534 repe-
