1801 3066
1270 171 1345 211 321

30 269 50 310 .’
80 268 329 311 Ascaridem
376 262 704 321 nigrovenosam
750 264 796 301 in
836 255 1039 304 ranarum*
1071 266 1344 323 pulmonibus

29 343 40 349 ’
81 345 266 393 obviam,
295 346 522 394 vivip„aram
550 340 717 379 detexit.
771 340 841 378 De
867 341 966 390 ipsis
996 344 1083 380 ovis
1113 357 1239 396 saepe
1269 345 1347 385 du-

80 421 140 461 bii
167 421 314 467 fuere,
354 427 401 457 ut
432 415 685 469 Andryus
726 414 1058 453 Aristotelis
1096 423 1346 459 sententiam

82 511 199 537 suam
224 495 399 541 fecerit,
453 501 496 531 et
530 504 695 530 vermes
723 485 1007 530 cucurbiiinos
1047 506 1120 531 seu
1150 496 1346 535 articulos

82 573 267 611 Taeniae
297 568 544 611 secedentes
573 566 692 618 hujus
717 564 1031 617 ovulamajora
1058 567 1167 606 facta
1186 569 1347 609 dixerit.

83 649 206 701 Quae
227 644 530 697 —postmodum
576 642 631 681 de
679 640 890 680 vermibus
938 644 1134 693 viviparis
1178 645 1349 695 prolata

83 733 203 771 sunt,
255 732 390 773 aeque
429 718 571 757 fictitia
600 727 742 763 erant,
799 729 839 755 et
866 719 1077 757 Ascaridis
1105 718 1349 758 lumbricoi-

85 799 146 838 dis
174 811 272 839 vasa
299 794 498 850 genitalia
526 793 753 846 prolapsa,
790 806 931 843 motu,
974 806 1021 833 ut
1049 807 1175 847 supra
1202 799 1349 834 memi-

84 878 151 924 ni,
196 886 287 912 non
316 871 538 917 destituta,
589 884 612 908 a
640 870 831 922 plurimis
862 873 964 923 quin
995 882 1035 910 et
1061 874 1350 911 recentissimo

85 961 279 1001 tempore
305 960 387 999 pro
424 948 520 986 viva
559 945 683 997 prole
723 945 896 984 vendita
933 957 1053 996 sunt,
1104 962 1189 1001 qua
1219 949 1272 988 de
1300 964 1351 989 re

85 1023 348 1065 Bibliotheca
382 1031 529 1060 nostra
566 1035 606 1059 n.
640 1027 725 1072 187.
763 1034 803 1059 n.
833 1027 911 1069 538
931 1028 1045 1073 -544
1089 1024 1350 1064 conferatur,

86 1101 387 1140 Recentiorum
416 1097 587 1138 tandem
617 1107 658 1136 et
684 1100 934 1150 praeprimis
965 1097 1161 1138 Goezii
1195 1100 1352 1141 soller-

87 1179 144 1217 tia
169 1175 395 1224 indefessa,
421 1187 586 1213 vermes
613 1173 760 1225 plures
785 1176 994 1226 viviparos
1022 1178 1229 1216 novimus.
1286 1179 1354 1220 In-

86 1263 153 1292 ter
195 1250 480 1291 Nematoidea
515 1263 673 1303 genera
698 1249 855 1301 plura,
903 1261 950 1290 ut
977 1253 1020 1290 in
1049 1254 1149 1303 Cap.
1177 1267 1354 1305 praece-

91 1328 220 1368 dente
251 1328 448 1379 exposui,
485 1328 601 1364 vivos
630 1327 785 1376 passim
814 1326 947 1364 edunt
974 1327 1139 1376 foetus,
1177 1330 1355 1369 Trema-

91 1405 194 1444 toda
241 1407 351 1442 inter
393 1398 687 1453 Amphistoma
735 1399 1023 1439 subclavamm
1066 1405 1241 1442 unicum
1293 1414 1355 1444 est

93 1479 211 1533 quod
237 1477 320 1517 huc
346 1479 586 1530 pertineat,
617 1476 876 1529 ordinesque
905 1477 1059 1530 reliqui
1083 1482 1253 1518 nonnisi
1282 1495 1356 1519 en-

94 1567 219 1594 tozoa
256 1556 429 1605 ovipara
467 1555 696 1590 continent.
760 1552 1008 1603 Zederus
1047 1555 1218 1605 quidem
1250 1558 1356 1606 (Na-

93 1627 300 1684 turgesch.
336 1642 377 1680 p.
406 1629 470 1681 98.
502 1636 543 1665 et
574 1628 686 1678 143.)
723 1627 942 1677 Asqarides
979 1631 1186 1681 viviparas
1226 1630 1357 1670 dictas

95 1708 149 1746 ad
193 1705 274 1744 alia
311 1717 472 1759 genera
507 1703 790 1742 amandandas
840 1716 931 1743 esse
962 1708 1225 1757 suspicatur,
1279 1707 1359 1747 sed.

93 1785 310 1824 minorum
347 1779 580 1819 nonnullae
618 1779 672 1817 ad
699 1779 919 1818 Ascarides
965 1766 1196 1819 certissirne
1222 1784 1356 1834 perti-

95 1869 244 1899 nentes
271 1870 374 1896 vere
399 1858 614 1907 viviparae
653 1864 772 1903 sunt,
819 1854 937 1907 quod
966 1855 1006 1893 G
1019 1869 1044 1893 ο
1060 1869 1082 1894 e
1093 1871 1114 1893 z
1126 1858 1142 1894 i
1153 1864 1210 1894 us
1245 1855 1363 1896 bene.

0 1933 47 1987 [⁷
99 1933 296 1983 tradidit,
326 1932 403 1972 sed
427 1932 567 1970 foetus
595 1934 678 1970 vivi
704 1936 795 1970 non
823 1932 940 1968 omni
969 1930 1122 1970 dantur
1147 1942 1358 1984 tempore,

97 2022 145 2050 ut
173 2010 348 2049 eosdem
373 2008 533 2047 idcirco
562 2010 698 2046 rarios
728 2009 1008 2058 conspexeris.

176 2084 475 2126 Differentiam
510 2083 704 2123 Entozoa
743 2085 915 2134 ovipara
949 2085 1063 2121 inter
1100 2093 1142 2122 et
1174 2085 1362 2134 vivipara

102 2163 243 2215 magni
268 2174 358 2200 non
388 2173 478 2199 esse
505 2161 713 2198 momenti
738 2167 869 2210 patet,
907 2160 1095 2213 utrisque
1125 2161 1239 2198 enim
1265 2172 1363 2205 ova,-

106 2240 168 2275 ria
193 2236 319 2277 simili
344 2236 477 2275 modo
509 2244 773 2284 constructa,
812 2244 854 2274 et
882 2246 962 2273 ova
988 2237 1035 2272 in
1060 2236 1147 2273 istis
1179 2237 1274 2286 pari
1297 2240 1366 2274 'ra-

107 2315 224 2351 tione
260 2311 545 2361 accumulata,
599 2312 794 2362 viviparis
834 2304 985 2349 'tamen
1019 2313 1237 2361 pauciora.
1317 2309 1369 2350 In
1413 2312 1421 2318 “

109 2386 442 2428 Cucullanorum
487 2386 755 2427 oviductibus
801 2399 994 2438 corporae
1026 2381 1176 2424 similia
1221 2399 1370 2424 occur-

109 2473 233 2513 runt,
270 2476 319 2503 ac
347 2475 457 2516 quae
483 2461 538 2503 de
563 2459 923 2515 Echinorhynchis
950 2459 1117 2502 locutus
1143 2474 1224 2514 pro
1253 2471 1371 2516 cotys

907 2536 949 2575 X
