1801 3066
1244 140 1321 189 407

58 246 99 275 et
125 236 359 288 peculiares
388 248 552 275 vermes
584 236 706 273 certis
745 235 931 285 partibus
970 238 1161 278 addictos
1191 254 1321 294 gene÷

57 322 161 350 rant.
244 311 365 350 Plura
404 314 446 348 in
490 309 845 362 praecedentibus
884 317 1092 353 vermium
1128 315 1319 367 plurimis

56 382 300 426 animalibus
350 389 636 425 communium
677 386 865 438 'exempla
910 387 1031 436 dedi,
1089 394 1320 444 Cysticerci

56 473 214 501 tantum
244 461 482 502 Cellulosae
522 463 785 500 mentionem
823 463 997 515 faciam,
1055 468 1126 516 qui
1163 469 1205 504 in
1235 468 1320 507 tela

53 537 253 588 cellulosa
281 537 488 587 Hominis,
517 539 672 576 Simiae
703 548 745 577 et
773 539 864 576 Suis
894 539 1008 577 idem
1039 550 1114 588 est,
1144 544 1186 578 in
1215 543 1321 581 Del-

49 611 181 665 phino
211 611 433 652 Phocaena
463 614 763 653 diversissimus
792 614 973 657 videtur.
1050 615 1216 655 Nullius
1248 632 1318 656 en—

50 692 162 727 tozoi
192 689 429 742 exemplum
458 688 684 738 habemus,
734 691 852 742 quod
886 694 930 729 in
957 691 1247 731 inanimalibus
1278 704 1319 731 et

49 764 218 814 avibus,
263 768 309 804 in
339 763 558 818 amphibiis
591 776 632 804 et
658 766 866 818 piscibus,
913 766 980 806 vel
1010 771 1246 821 generatim
1273 771 1318 834 {n

49 841 294 880 animalibus
333 840 409 880 sub
448 842 613 881 diversa
643 842 770 881 classe
799 842 1071 882 militantibus
1109 855 1316 883 occurrat.

46 917 300 956 Animalium
331 920 652 957 carnivororum
684 929 725 957 et
760 918 1120 973 phytiphagorum
1149 935 1315 959 vermes

48 992 283 1043 (renalibus
321 993 419 1033 solis
451 998 655 1048 exceptis)
710 996 857 1033 itidem
887 995 1156 1033 diversissimi
1195 1006 1313 1045 sunt,

47 1070 233 1121 ejusdem
280 1081 421 1109 autem
468 1074 634 1124 generis
684 1071 870 1120 bestiae,
924 1070 1169 1124 regionibus
1215 1070 1315 1110 licet

47 1148 221 1186 maxime
252 1147 401 1186 dissitis
432 1149 667 1200 adscriptae
705 1162 870 1186 vermes
900 1151 1120 1185 continent
1156 1146 1314 1184 similli-

53 1235 160 1270 mos,
191 1225 304 1275 cujus
335 1222 524 1274 exempla
553 1208 759 1261 nonnulla
788 1223 907 1274 (Cap.
927 1223 1038 1264 XVI.
1069 1226 1101 1273 ξ.
1124 1224 1171 1273 1.)
1199 1221 1311 1260 dedi.

121 1298 192 1336 III.
239 1298 470 1337 Facillime
499 1301 712 1337 oriuntur.

120 1375 171 1412 In
199 1388 381 1426 corpore
410 1388 692 1427 quocunque,
743 1375 931 1426 quodam
968 1374 1115 1413 saltem
1145 1383 1313 1425 tempo-

55 1463 116 1498 re,
163 1451 379 1489 interdum
414 1465 517 1490 vero
548 1465 717 1503 semper
745 1449 940 1489 diathesis
971 1453 1210 1489 verminosa
1240 1450 1312 1488 ad-

53 1534 115 1562 est
199 1527 320 1578 Quae
358 1529 546 1577 inprimis
586 1536 726 1564 autem
755 1529 961 1564 vermium
990 1529 1137 1579 genesi
1164 1526 1310 1565 favere

53 1600 263 1650 dicuntur,
296 1603 563 1654 insequentia
594 1612 712 1646 sunt:

122 1690 158 1717 a.
184 1676 334 1713 Aetas
363 1686 546 1735 tener-q,
579 1678 766 1730 quadam
796 1687 939 1715 tamen
969 1690 1064 1714 cum
1092 1675 1310 1715 limitatio-

51 1764 107 1790 ne.
172 1751 221 1790 In
247 1751 369 1791 foetu
395 1762 582 1795 neonato
613 1766 777 1792 vermes
816 1755 981 1805 saepius
1012 1752 1314 1803 observantum‘

52 1830 97 1866 in
113 1841 249 1880 puero
278 1827 423 1868 bienni
450 1827 671 1866 Ascarides
701 1828 997 1870 vermiculares
1026 1827 1235 1881 vulgares,
1268 1839 1309 1867 et

52 1918 120 1956 per
158 1903 320 1956 aliquot
353 1903 631 1955 utplurimum
666 1917 798 1942 annos
838 1905 1037 1955 copiosae
1086 1907 1308 1956 reperiun-

54 1991 136 2026 tus;
182 1980 405 2019 Ascarides
444 1979 745 2018 lumbricoicles
775 1990 976 2029 econtra
1005 1982 1136 2018 serius
1166 1979 1307 2031 utplu-

51 2060 194 2097 rinum
224 2067 431 2109 apparent
471 2066 513 2095 et
541 2057 594 2094 ad
631 2055 837 2108 juveniles
877 2070 1011 2108 usque
1052 2070 1182 2095 annos
1212 2071 1306 2109 pas-

52 2137 119 2173 sin
136 2143 378 2182 occurrunt,
407 2143 616 2185 utraeque
643 2143 784 2172 tamen
805 2132 882 2171 sub
905 2119 1042 2171 aetate
1063 2136 1306 2184 provectio·

52 2213 89 2249 ri
106 2224 233 2262 saepe
259 2212 414 2248 iterum
443 2219 673 2261 apparent,
705 2219 746 2248 et
773 2211 869 2261 qui,
909 2222 956 2247 ex
984 2209 1161 2247 Retzii
1190 2210 1239 2260 (l.
1270 2224 1304 2248 c.

51 2301 94 2338 p.
112 2289 200 2338 40.)
230 2285 550 2334 observatione,
586 2286 785 2325 Ascaride
813 2284 1080 2339 vermiculari
1108 2295 1205 2340 post
1233 2280 1306 2324 an-

52 2377 149 2412 num
175 2363 421 2401 vicesimum
448 2360 638 2410 laborat,
686 2362 836 2401 eadem
866 2372 988 2416 antea
1018 2371 1088 2399 aut
1125 2377 1307 2417 semper,

55 2448 118 2477 att
144 2453 222 2490 per
252 2419 423 2488 aliquo(
440 2437 587 2475 saltem
616 2450 749 2474 annos
777 2437 884 2475 liber
911 2437 1033 2482 fuit;„
1053 2440 1143 2489 ipse
1172 2449 1305 2476 utras·
