1801 3066
1261 198 1331 238 127

67 290 157 344 436.
187 288 226 330 b.
260 291 328 329 On
357 286 427 335 the
454 281 675 326 Ascarides
714 280 965 322 discovered
992 287 1035 323 in
1063 281 1134 327 the
1163 288 1331 329 Peleca»

118 380 197 406 nus
238 366 373 407 Carbo
414 361 496 401 ancl
534 360 575 398 P.
607 362 808 398 cristatus.
873 360 936 413 By
963 358 1106 399 Rich.
1145 365 1330 406 Pulte-

116 457 233 498 ney.
279 441 327 479 In
348 438 561 476 Transact.
588 435 637 474 of
654 433 723 474 the
751 436 940 474 Linnean
968 437 1139 492 society.
1168 442 1329 483 Vol.V‚

113 533 153 571 p,
183 499 331 567 24-*27
355 515 380 538 *Κ
421 513 470 552 In
499 511 805 564 pelecanorum
828 511 1059 561 dictorum,
1090 516 1216 553 etiam
1237 519 1330 568 pul-

110 592 248 631 lorum
264 587 583 644 proventriculo
601 601 764 636 vermes
791 586 1000 638 plurimos
1023 593 1182 641 reperit
1202 591 1328 632 brun-

110 682 196 707 neo
239 666 535 712 flavescentes,
583 677 710 715 saepe
749 665 792 701 in
831 663 1051 717 globulum
1080 677 1329 721 congestos;

113 755 185 784 aut
213 741 459 797 Strongylos
481 750 609 789 certe,
640 750 709 778 aut
731 741 968 790 Ascarides,
998 742 1118 795 quod
1142 744 1329 798 descrip-

110 824 226 861 tione
256 822 408 859 omissa
429 831 506 856 nos
535 817 657 870 fugit,
675 819 840 869 saepius
869 829 1011 857 tamen
1037 818 1253 876 Strongyli
1276 837 1329 862 eo

108 895 532 959 inveniunturbloco,
574 903 620 931 ut
650 908 699 932 ex
737 896 875 932 avium
913 892 1100 933 affinium
1138 900 1328 937 sectione

108 973 232 1012 nobis
264 982 438 1011 constat.

57 1054 146 1102 457.
176 1049 410 1088 Phasiamz
464 1050 537 1087 Jo.
576 1049 692 1087 Ant.
743 1045 977 1098 Scopoli
1017 1060 1149 1085 annus
1188 1046 1237 1084 V.
1268 1047 1330 1086 hi-

107 1124 515 1165 storico—naturalis.
546 1125 658 1176 Lips.
693 1136 802 1176 1772.
832 1129 869 1169 8.
898 1123 923 1147 '‘
976 1124 1146 1163 Novum
1174 1129 1326 1163 vermis

94 1204 252 1242 ‘Genus
287 1201 456 1239 Globus
493 1204 558 1253 (p.
594 1203 725 1253 127.):
766 1197 1018 1238 molluscum
1049 1213 1231 1252 corpore
1259 1216 1329 1240 ro-

109 1279 268 1326 tundo,
301 1278 354 1316 de
383 1277 480 1316 loco
510 1277 752 1322 immobile;
781 1274 985 1315 lateribus
1008 1276 1168 1315 alterne
1191 1291 1328 1316 exser-

108 1356 158 1392 tis
188 1367 233 1392 se
262 1366 462 1397 movens;
495 1362 690 1403 apertura
717 1364 792 1390 seu
818 1364 929 1402 poro
958 1353 1003 1388 in
1032 1363 1230 1403 apertura
1260 1367 1328 1392 ex·

109 1431 209 1468 serti
250 1428 394 1466 lateris
440 1427 676 1466 manifesto.
748 1425 912 1464 Globus
955 1435 1206 1466 stercoreas.
1278 1429 1328 1467 In

109 1505 305 1542 Stercore
337 1502 531 1540 Gallinae
560 1501 744 1549 habitat,
776 1503 969 1554 exiguum
999 1502 1183 1540 aciculae
1213 1507 1327 1555 capi-

107 1578 242 1618 tulum
274 1591 471 1630 aequans.
500 1599 552 1607 -—
579 1576 779 1623 Articuli,
809 1579 881 1627 qui
908 1575 1078 1628 plurimi
1109 1592 1130 1615 a
1159 1580 1324 1618 Taenia

106 1652 494 1693 infundibuliformi
517 1665 644 1704 saepe
667 1661 932 1703 separantur,
964 1662 1005 1691 et
1029 1667 1164 1707 aeque
1187 1654 1324 1704 facile,

109 1745 156 1769 ac
194 1732 244 1768 T.
285 1729 390 1768 Solii
421 1729 616 1778 articuli,
665 1743 747 1782 pro
787 1729 998 1768 vermibus
1038 1730 1325 1782 peculiaribus

107 1805 262 1862 singuli
306 1804 455 1845 haberi
494 1816 698 1858 possunt,
753 1805 1031 1859 Scopoiio
1072 1809 1325 1859 imposuisse

106 1885 314 1924 videntur.

335 2013 377 2053 d.
431 2013 1053 2068 Amphibiorum.

59 2118 148 2165 458.
179 2115 477 2172 Osservazioni
508 2114 578 2154 del
599 2115 637 2152 S.
666 2111 895 2153 Florian
918 2111 1168 2152 Caldano
1198 2127 1326 2165 sopra

108 2188 151 2227 la
187 2192 535 2231 trasformazione
565 2192 607 2230 di
645 2205 702 2230 un
742 2193 896 2229 insetto
932 2204 955 2228 e
984 2204 1112 2242 sopra
1149 2185 1191 2228 le
1229 2189 1320 2228 ida—

88 2265 189 2303 'tidi
226 2266 334 2307 delle
372 2268 609 2308 ranocchie.
675 2267 725 2306 In
763 2267 973 2306 Memorie
1013 2265 1125 2305 della
1153 2266 1321 2305 Societa

112 2340 294 2381 italiana.
321 2345 367 2382 T.
390 2359 426 2397 7.
455 2347 644 2398 (Verona
667 2351 775 2398 1794.
797 2345 849 2396 lg..)
871 2358 911 2396 p.
935 2345 1140 2390 512-518.
1168 2343 1272 2383 Tab.
1285 2356 1322 2395 7.

111 2419 197 2473 Fig·
226 2433 265 2471 7,
292 2425 328 2464 8·
357 2420 381 2443 *⁸
442 2424 576 2481 Variis
617 2425 660 2461 in
689 2434 888 2460 ranarum
928 2420 1118 2472 partibus
1155 2432 1321 2459 vermes

111 2498 238 2546 istos,
267 2509 374 2548 quos
402 2495 567 2539 fictitios
597 2499 786 2546 dixerim,
816 2499 996 2550 reperit;
1035 2505 1161 2550 caput
1189 2496 1321 2535 calca-
