<?xml version="1.0" encoding="UTF-8"?>
<!DOCTYPE html PUBLIC "-//W3C//DTD XHTML 1.0 Transitional//EN"
    "http://www.w3.org/TR/xhtml1/DTD/xhtml1-transitional.dtd">
<html xmlns="http://www.w3.org/1999/xhtml" xml:lang="en" lang="en">
 <head>
  <title>
</title>
<meta http-equiv="Content-Type" content="text/html;charset=utf-8" />
  <meta name='ocr-system' content='tesseract 3.04.00' />
  <meta name='ocr-capabilities' content='ocr_page ocr_carea ocr_par ocr_line ocrx_word'/>
</head>
<body>
  <div class='ocr_page' id='page_1' title='image "./entozoorumsiveve11808rudo_0128.png"; bbox 0 0 1801 3066; ppageno 0'>
   <div class='ocr_carea' id='block_1_1' title="bbox 456 194 509 241">
    <p class='ocr_par' dir='ltr' id='par_1_1' title="bbox 456 194 509 241">
     <span class='ocr_line' id='line_1_1' title="bbox 456 194 509 241; baseline 0 -7"><span class='ocrx_word' id='word_1_1' title='bbox 456 194 509 241; x_wconf 82' lang='lat'>98</span> 
     </span>
    </p>
   </div>
   <div class='ocr_carea' id='block_1_2' title="bbox 457 287 1773 2540">
    <p class='ocr_par' dir='ltr' id='par_1_2' title="bbox 508 287 1773 729">
     <span class='ocr_line' id='line_1_2' title="bbox 508 287 1723 343; baseline -0.002 -12"><span class='ocrx_word' id='word_1_2' title='bbox 508 296 553 332; x_wconf 86' lang='lat' dir='ltr'>in</span> <span class='ocrx_word' id='word_1_3' title='bbox 586 291 720 330; x_wconf 88' lang='lat' dir='ltr'>latere</span> <span class='ocrx_word' id='word_1_4' title='bbox 747 287 877 343; x_wconf 86' lang='lat' dir='ltr'>plano</span> <span class='ocrx_word' id='word_1_5' title='bbox 908 289 995 328; x_wconf 85' lang='lat' dir='ltr'>aliis</span> <span class='ocrx_word' id='word_1_6' title='bbox 1027 302 1245 334; x_wconf 74' lang='lat' dir='ltr'>concessa:</span> <span class='ocrx_word' id='word_1_7' title='bbox 1283 288 1603 342; x_wconf 80' lang='lat' dir='ltr'>longitudinem</span> <span class='ocrx_word' id='word_1_8' title='bbox 1632 304 1723 330; x_wconf 86' lang='lat' dir='ltr'>ver-</span> 
     </span>
     <span class='ocr_line' id='line_1_3' title="bbox 509 364 1723 417; baseline -0.004 -9"><span class='ocrx_word' id='word_1_9' title='bbox 509 372 587 408; x_wconf 88' lang='lat' dir='ltr'>mis</span> <span class='ocrx_word' id='word_1_10' title='bbox 616 369 786 406; x_wconf 83' lang='lat' dir='ltr'>nimiam</span> <span class='ocrx_word' id='word_1_11' title='bbox 815 367 980 415; x_wconf 77' lang='lat' dir='ltr'>reddit,</span> <span class='ocrx_word' id='word_1_12' title='bbox 1028 365 1222 404; x_wconf 85' lang='lat' dir='ltr'>omnibus</span> <span class='ocrx_word' id='word_1_13' title='bbox 1262 365 1420 404; x_wconf 88' lang='lat' dir='ltr'>scilicet</span> <span class='ocrx_word' id='word_1_14' title='bbox 1456 364 1723 417; x_wconf 84' lang='lat' dir='ltr'>portionibus</span> 
     </span>
     <span class='ocr_line' id='line_1_4' title="bbox 511 441 1724 499; baseline -0.005 -13"><span class='ocrx_word' id='word_1_15' title='bbox 511 446 683 499; x_wconf 85' lang='lat' dir='ltr'>dejectis</span> <span class='ocrx_word' id='word_1_16' title='bbox 724 444 779 482; x_wconf 92' lang='lat' dir='ltr'>ad</span> <span class='ocrx_word' id='word_1_17' title='bbox 816 444 929 482; x_wconf 86' lang='lat' dir='ltr'>idem</span> <span class='ocrx_word' id='word_1_18' title='bbox 959 441 1256 481; x_wconf 84' lang='lat' dir='ltr'>animalculum</span> <span class='ocrx_word' id='word_1_19' title='bbox 1285 442 1450 488; x_wconf 84' lang='lat' dir='ltr'>relatis;</span> <span class='ocrx_word' id='word_1_20' title='bbox 1500 451 1628 494; x_wconf 86' lang='lat' dir='ltr'>caput</span> <span class='ocrx_word' id='word_1_21' title='bbox 1655 455 1724 480; x_wconf 88' lang='lat' dir='ltr'>ve-</span> 
     </span>
     <span class='ocr_line' id='line_1_5' title="bbox 511 515 1773 570; baseline -0.007 -6"><span class='ocrx_word' id='word_1_22' title='bbox 511 538 606 564; x_wconf 86' lang='lat' dir='ltr'>rum</span> <span class='ocrx_word' id='word_1_23' title='bbox 643 535 738 560; x_wconf 87' lang='lat' dir='ltr'>cum</span> <span class='ocrx_word' id='word_1_24' title='bbox 775 517 1072 560; x_wconf 86' lang='lat' dir='ltr'>uncinulorum</span> <span class='ocrx_word' id='word_1_25' title='bbox 1103 532 1264 557; x_wconf 82' lang='lat' dir='ltr'>corona</span> <span class='ocrx_word' id='word_1_26' title='bbox 1292 520 1337 555; x_wconf 89' lang='lat' dir='ltr'>in</span> <span class='ocrx_word' id='word_1_27' title='bbox 1365 518 1528 557; x_wconf 82' lang='lat' dir='ltr'>Taenia</span> <span class='ocrx_word' id='word_1_28' title='bbox 1564 521 1725 570; x_wconf 79' lang='lat' dir='ltr'>(canis)</span> <span class='ocrx_word' id='word_1_29' title='bbox 1771 515 1773 518; x_wconf 45' lang='lat'><strong>⁴</strong></span> 
     </span>
     <span class='ocr_line' id='line_1_6' title="bbox 511 594 1726 647; baseline -0.004 -8"><span class='ocrx_word' id='word_1_30' title='bbox 511 609 671 640; x_wconf 81' lang='lat' dir='ltr'>serrata</span> <span class='ocrx_word' id='word_1_31' title='bbox 699 597 803 636; x_wconf 87' lang='lat' dir='ltr'>vidit</span> <span class='ocrx_word' id='word_1_32' title='bbox 831 607 873 634; x_wconf 85' lang='lat' dir='ltr'>et</span> <span class='ocrx_word' id='word_1_33' title='bbox 903 596 1117 647; x_wconf 87' lang='lat' dir='ltr'>depictum</span> <span class='ocrx_word' id='word_1_34' title='bbox 1146 598 1274 640; x_wconf 83' lang='lat' dir='ltr'>sistit;</span> <span class='ocrx_word' id='word_1_35' title='bbox 1316 594 1461 633; x_wconf 82' lang='lat' dir='ltr'>oscula</span> <span class='ocrx_word' id='word_1_36' title='bbox 1488 605 1631 634; x_wconf 84' lang='lat' dir='ltr'>tamen</span> <span class='ocrx_word' id='word_1_37' title='bbox 1659 608 1726 633; x_wconf 81' lang='lat' dir='ltr'>ca-</span> 
     </span>
     <span class='ocr_line' id='line_1_7' title="bbox 509 671 1294 729; baseline -0.008 -14"><span class='ocrx_word' id='word_1_38' title='bbox 509 679 604 729; x_wconf 83' lang='lat' dir='ltr'>pitis</span> <span class='ocrx_word' id='word_1_39' title='bbox 634 676 819 713; x_wconf 81' lang='lat' dir='ltr'>suctoria</span> <span class='ocrx_word' id='word_1_40' title='bbox 848 671 922 710; x_wconf 84' lang='lat' dir='ltr'>cel.</span> <span class='ocrx_word' id='word_1_41' title='bbox 951 674 1087 711; x_wconf 84' lang='lat' dir='ltr'>virum</span> <span class='ocrx_word' id='word_1_42' title='bbox 1115 672 1294 725; x_wconf 79' lang='lat' dir='ltr'>fugiunt.</span> 
     </span>
    </p>

    <p class='ocr_par' dir='ltr' id='par_1_3' title="bbox 458 747 1726 952">
     <span class='ocr_line' id='line_1_8' title="bbox 458 747 1726 802; baseline -0.006 -11"><span class='ocrx_word' id='word_1_43' title='bbox 458 760 548 802; x_wconf 74' lang='lat'><strong>555.</strong></span> <span class='ocrx_word' id='word_1_44' title='bbox 593 753 708 791; x_wconf 87' lang='lat' dir='ltr'><strong>Ant.</strong></span> <span class='ocrx_word' id='word_1_45' title='bbox 758 749 820 788; x_wconf 92' lang='lat' dir='ltr'>de</span> <span class='ocrx_word' id='word_1_46' title='bbox 868 749 1045 786; x_wconf 86' lang='lat' dir='ltr'>Heide</span> <span class='ocrx_word' id='word_1_47' title='bbox 1091 747 1302 786; x_wconf 87' lang='lat' dir='ltr'>Lumbrici</span> <span class='ocrx_word' id='word_1_48' title='bbox 1339 747 1412 786; x_wconf 82' lang='lat' dir='ltr'>lati</span> <span class='ocrx_word' id='word_1_49' title='bbox 1451 757 1647 786; x_wconf 79' lang='lat' dir='ltr'>anatome</span> <span class='ocrx_word' id='word_1_50' title='bbox 1682 749 1726 784; x_wconf 85' lang='lat' dir='ltr'>in</span> 
     </span>
     <span class='ocr_line' id='line_1_9' title="bbox 510 824 1725 881; baseline -0.007 -13"><span class='ocrx_word' id='word_1_51' title='bbox 510 827 766 881; x_wconf 85' lang='lat' dir='ltr'>Ejusdem</span> <span class='ocrx_word' id='word_1_52' title='bbox 806 824 1113 876; x_wconf 83' lang='lat' dir='ltr'>Experimentis</span> <span class='ocrx_word' id='word_1_53' title='bbox 1161 827 1269 862; x_wconf 86' lang='lat' dir='ltr'>circa</span> <span class='ocrx_word' id='word_1_54' title='bbox 1313 825 1525 877; x_wconf 79' lang='lat' dir='ltr'><strong>sanguinis</strong></span> <span class='ocrx_word' id='word_1_55' title='bbox 1564 824 1725 860; x_wconf 77' lang='lat' dir='ltr'>missio-</span> 
     </span>
     <span class='ocr_line' id='line_1_10' title="bbox 509 898 1460 952; baseline -0.006 -9"><span class='ocrx_word' id='word_1_56' title='bbox 509 918 620 944; x_wconf 79' lang='lat' dir='ltr'>nem.</span> <span class='ocrx_word' id='word_1_57' title='bbox 650 903 778 940; x_wconf 88' lang='lat' dir='ltr'>Amst.</span> <span class='ocrx_word' id='word_1_58' title='bbox 812 901 924 946; x_wconf 70' lang='grc'><strong>1636.</strong></span> <span class='ocrx_word' id='word_1_59' title='bbox 954 903 989 942; x_wconf 83' lang='grc'><strong>8.</strong></span> <span class='ocrx_word' id='word_1_60' title='bbox 1019 915 1058 952; x_wconf 89' lang='lat' dir='ltr'>p.</span> <span class='ocrx_word' id='word_1_61' title='bbox 1088 904 1150 952; x_wconf 75' lang='grc'><strong>49.</strong></span> <span class='ocrx_word' id='word_1_62' title='bbox 1181 898 1460 938; x_wconf 86' lang='lat' dir='ltr'>Boehmer.</span> 
     </span>
    </p>

    <p class='ocr_par' dir='ltr' id='par_1_4' title="bbox 459 974 1769 1334">
     <span class='ocr_line' id='line_1_11' title="bbox 459 974 1726 1030; baseline -0.007 -10"><span class='ocrx_word' id='word_1_63' title='bbox 459 981 547 1029; x_wconf 78' lang='lat'>536.</span> <span class='ocrx_word' id='word_1_64' title='bbox 586 976 772 1018; x_wconf 85' lang='lat' dir='ltr'>Reinh.</span> <span class='ocrx_word' id='word_1_65' title='bbox 809 979 1040 1030; x_wconf 79' lang='lat' dir='ltr'>Wagner</span> <span class='ocrx_word' id='word_1_66' title='bbox 1077 975 1179 1016; x_wconf 78' lang='lat' dir='ltr'>Obs.</span> <span class='ocrx_word' id='word_1_67' title='bbox 1219 975 1271 1013; x_wconf 90' lang='lat' dir='ltr'>de</span> <span class='ocrx_word' id='word_1_68' title='bbox 1309 990 1454 1014; x_wconf 86' lang='lat' dir='ltr'>verme</span> <span class='ocrx_word' id='word_1_69' title='bbox 1490 974 1648 1014; x_wconf 78' lang='lat' dir='ltr'>fasciali</span> <span class='ocrx_word' id='word_1_70' title='bbox 1680 987 1726 1012; x_wconf 85' lang='lat'>12.</span> 
     </span>
     <span class='ocr_line' id='line_1_12' title="bbox 511 1048 1769 1105; baseline -0.006 -11"><span class='ocrx_word' id='word_1_71' title='bbox 511 1056 708 1095; x_wconf 85' lang='lat' dir='ltr'>ulnarum</span> <span class='ocrx_word' id='word_1_72' title='bbox 751 1063 793 1091; x_wconf 87' lang='lat' dir='ltr'>et</span> <span class='ocrx_word' id='word_1_73' title='bbox 836 1053 954 1104; x_wconf 85' lang='lat' dir='ltr'>quod</span> <span class='ocrx_word' id='word_1_74' title='bbox 997 1054 1176 1090; x_wconf 82' lang='lat' dir='ltr'>excurrit</span> <span class='ocrx_word' id='word_1_75' title='bbox 1216 1051 1510 1105; x_wconf 76' lang='lat' dir='ltr'>longitudine,</span> <span class='ocrx_word' id='word_1_76' title='bbox 1555 1053 1724 1090; x_wconf 82' lang='lat' dir='ltr'>innoxie</span> <span class='ocrx_word' id='word_1_77' title='bbox 1762 1048 1769 1063; x_wconf 71' lang='lat'>³</span> 
     </span>
     <span class='ocr_line' id='line_1_13' title="bbox 509 1125 1723 1186; baseline -0.005 -17"><span class='ocrx_word' id='word_1_78' title='bbox 509 1147 590 1186; x_wconf 75' lang='lat' dir='ltr'>per</span> <span class='ocrx_word' id='word_1_79' title='bbox 612 1130 752 1169; x_wconf 86' lang='lat' dir='ltr'>alvum</span> <span class='ocrx_word' id='word_1_80' title='bbox 775 1140 957 1171; x_wconf 81' lang='lat' dir='ltr'>excreto.</span> <span class='ocrx_word' id='word_1_81' title='bbox 987 1129 1058 1168; x_wconf 78' lang='lat' dir='ltr'>In:</span> <span class='ocrx_word' id='word_1_82' title='bbox 1087 1129 1195 1166; x_wconf 90' lang='lat' dir='ltr'>Nov.</span> <span class='ocrx_word' id='word_1_83' title='bbox 1212 1128 1308 1165; x_wconf 88' lang='lat' dir='ltr'>Litt.</span> <span class='ocrx_word' id='word_1_84' title='bbox 1329 1129 1433 1166; x_wconf 77' lang='lat' dir='ltr'>Mar.</span> <span class='ocrx_word' id='word_1_85' title='bbox 1453 1125 1586 1165; x_wconf 82' lang='lat' dir='ltr'>Balth.</span> <span class='ocrx_word' id='word_1_86' title='bbox 1610 1127 1723 1178; x_wconf 81' lang='lat'><strong>1699.</strong></span> 
     </span>
     <span class='ocr_line' id='line_1_14' title="bbox 509 1201 1724 1261; baseline -0.007 -14"><span class='ocrx_word' id='word_1_87' title='bbox 509 1224 552 1261; x_wconf 89' lang='lat' dir='ltr'>p.</span> <span class='ocrx_word' id='word_1_88' title='bbox 582 1210 684 1255; x_wconf 76' lang='lat'>500,</span> <span class='ocrx_word' id='word_1_89' title='bbox 712 1214 800 1252; x_wconf 77' lang='lat'><strong>501.</strong></span> <span class='ocrx_word' id='word_1_90' title='bbox 821 1205 846 1231; x_wconf 58' lang='lat'>⁴&lt;</span> <span class='ocrx_word' id='word_1_91' title='bbox 886 1206 979 1243; x_wconf 87' lang='lat' dir='ltr'>Huc</span> <span class='ocrx_word' id='word_1_92' title='bbox 1008 1203 1209 1242; x_wconf 82' lang='lat' dir='ltr'>Scholion</span> <span class='ocrx_word' id='word_1_93' title='bbox 1236 1204 1268 1240; x_wconf 88' lang='lat' dir='ltr'>J.</span> <span class='ocrx_word' id='word_1_94' title='bbox 1296 1203 1329 1240; x_wconf 89' lang='lat' dir='ltr'>J.</span> <span class='ocrx_word' id='word_1_95' title='bbox 1360 1201 1724 1241; x_wconf 76' lang='lat' dir='ltr'>Stolterfohti</span> 
     </span>
     <span class='ocr_line' id='line_1_15' title="bbox 511 1278 1441 1334; baseline -0.011 -10"><span class='ocrx_word' id='word_1_96' title='bbox 511 1286 565 1324; x_wconf 85' lang='lat' dir='ltr'>de</span> <span class='ocrx_word' id='word_1_97' title='bbox 593 1282 805 1323; x_wconf 79' lang='lat' dir='ltr'>vermibus</span> <span class='ocrx_word' id='word_1_98' title='bbox 835 1284 878 1318; x_wconf 89' lang='lat' dir='ltr'>in</span> <span class='ocrx_word' id='word_1_99' title='bbox 908 1294 1067 1334; x_wconf 82' lang='lat' dir='ltr'>genere</span> <span class='ocrx_word' id='word_1_100' title='bbox 1099 1293 1140 1317; x_wconf 88' lang='lat' dir='ltr'>n.</span> <span class='ocrx_word' id='word_1_101' title='bbox 1175 1280 1260 1328; x_wconf 74' lang='lat'>145.</span> <span class='ocrx_word' id='word_1_102' title='bbox 1439 1278 1441 1281; x_wconf 80' lang='grc'><strong>’</strong></span> 
     </span>
    </p>

    <p class='ocr_par' dir='ltr' id='par_1_5' title="bbox 457 1353 1725 1702">
     <span class='ocr_line' id='line_1_16' title="bbox 457 1353 1724 1411; baseline -0.005 -13"><span class='ocrx_word' id='word_1_103' title='bbox 457 1362 547 1411; x_wconf 76' lang='lat'>337.</span> <span class='ocrx_word' id='word_1_104' title='bbox 578 1359 687 1395; x_wconf 85' lang='lat' dir='ltr'>Gan</span> <span class='ocrx_word' id='word_1_105' title='bbox 702 1356 904 1407; x_wconf 86' lang='lat' dir='ltr'>dolphe</span> <span class='ocrx_word' id='word_1_106' title='bbox 940 1355 1102 1394; x_wconf 83' lang='lat' dir='ltr'>Medici</span> <span class='ocrx_word' id='word_1_107' title='bbox 1144 1353 1197 1390; x_wconf 85' lang='lat' dir='ltr'>de</span> <span class='ocrx_word' id='word_1_108' title='bbox 1238 1355 1401 1392; x_wconf 79' lang='lat' dir='ltr'>Taenia</span> <span class='ocrx_word' id='word_1_109' title='bbox 1430 1358 1724 1393; x_wconf 80' lang='lat' dir='ltr'>annotationes</span> 
     </span>
     <span class='ocr_line' id='line_1_17' title="bbox 508 1426 1722 1490; baseline -0.004 -17"><span class='ocrx_word' id='word_1_110' title='bbox 508 1435 730 1490; x_wconf 81' lang='lat' dir='ltr'>quaedam.</span> <span class='ocrx_word' id='word_1_111' title='bbox 758 1431 827 1470; x_wconf 91' lang='lat' dir='ltr'>In:</span> <span class='ocrx_word' id='word_1_112' title='bbox 858 1431 962 1469; x_wconf 70' lang='lat' dir='ltr'>Hist.</span> <span class='ocrx_word' id='word_1_113' title='bbox 981 1431 1034 1468; x_wconf 88' lang='lat' dir='ltr'>de</span> <span class='ocrx_word' id='word_1_114' title='bbox 1050 1428 1213 1467; x_wconf 85' lang='lat' dir='ltr'>l&#39;Acad.</span> <span class='ocrx_word' id='word_1_115' title='bbox 1243 1429 1316 1467; x_wconf 90' lang='lat' dir='ltr'>des</span> <span class='ocrx_word' id='word_1_116' title='bbox 1337 1431 1538 1479; x_wconf 86' lang='lat' dir='ltr'>sciences,</span> <span class='ocrx_word' id='word_1_117' title='bbox 1565 1426 1586 1467; x_wconf 74' lang='lat' dir='ltr'>a</span> <span class='ocrx_word' id='word_1_118' title='bbox 1608 1431 1722 1469; x_wconf 85' lang='lat' dir='ltr'>Paris</span> 
     </span>
     <span class='ocr_line' id='line_1_18' title="bbox 513 1505 1725 1564; baseline -0.006 -14"><span class='ocrx_word' id='word_1_119' title='bbox 513 1526 628 1564; x_wconf 85' lang='lat'><strong>1709.</strong></span> <span class='ocrx_word' id='word_1_120' title='bbox 659 1512 815 1558; x_wconf 83' lang='lat' dir='ltr'>(Amst.</span> <span class='ocrx_word' id='word_1_121' title='bbox 848 1521 959 1558; x_wconf 87' lang='lat'>1711.</span> <span class='ocrx_word' id='word_1_122' title='bbox 988 1509 1047 1557; x_wconf 76' lang='grc'><strong>8.)</strong></span> <span class='ocrx_word' id='word_1_123' title='bbox 1084 1519 1124 1556; x_wconf 91' lang='lat' dir='ltr'>p.</span> <span class='ocrx_word' id='word_1_124' title='bbox 1153 1505 1309 1553; x_wconf 71' lang='lat'><strong>55-41.</strong></span> <span class='ocrx_word' id='word_1_125' title='bbox 1339 1506 1365 1530; x_wconf 51' lang='grc' dir='ltr'>’Κ</span> <span class='ocrx_word' id='word_1_126' title='bbox 1419 1507 1559 1557; x_wconf 89' lang='lat' dir='ltr'>Caput</span> <span class='ocrx_word' id='word_1_127' title='bbox 1585 1505 1725 1544; x_wconf 82' lang='lat' dir='ltr'>fictum</span> 
     </span>
     <span class='ocr_line' id='line_1_19' title="bbox 512 1580 1724 1634; baseline -0.003 -9"><span class='ocrx_word' id='word_1_128' title='bbox 512 1603 562 1626; x_wconf 78' lang='lat' dir='ltr'>ex</span> <span class='ocrx_word' id='word_1_129' title='bbox 591 1585 755 1626; x_wconf 83' lang='lat' dir='ltr'>articuli</span> <span class='ocrx_word' id='word_1_130' title='bbox 782 1584 939 1623; x_wconf 82' lang='lat' dir='ltr'>fissura.</span> <span class='ocrx_word' id='word_1_131' title='bbox 997 1580 1221 1634; x_wconf 84' lang='lat' dir='ltr'>Quaedam</span> <span class='ocrx_word' id='word_1_132' title='bbox 1250 1590 1399 1619; x_wconf 87' lang='lat' dir='ltr'>contra</span> <span class='ocrx_word' id='word_1_133' title='bbox 1435 1582 1724 1634; x_wconf 81' lang='lat' dir='ltr'>Andryum.</span> 
     </span>
     <span class='ocr_line' id='line_1_20' title="bbox 510 1659 1619 1702; baseline -0.012 0"><span class='ocrx_word' id='word_1_134' title='bbox 510 1664 715 1702; x_wconf 85' lang='lat' dir='ltr'>Taeniam</span> <span class='ocrx_word' id='word_1_135' title='bbox 746 1672 844 1698; x_wconf 82' lang='lat' dir='ltr'>raro</span> <span class='ocrx_word' id='word_1_136' title='bbox 874 1659 1070 1696; x_wconf 82' lang='lat' dir='ltr'>nocivam</span> <span class='ocrx_word' id='word_1_137' title='bbox 1101 1670 1204 1694; x_wconf 86' lang='lat' dir='ltr'>esse.</span> <span class='ocrx_word' id='word_1_138' title='bbox 1614 1661 1619 1664; x_wconf 87' lang='lat'>&#39;</span> 
     </span>
    </p>

    <p class='ocr_par' dir='ltr' id='par_1_6' title="bbox 457 1730 1724 2005">
     <span class='ocr_line' id='line_1_21' title="bbox 457 1730 1723 1787; baseline -0.015 1"><span class='ocrx_word' id='word_1_139' title='bbox 457 1744 549 1787; x_wconf 74' lang='lat'>358.</span> <span class='ocrx_word' id='word_1_140' title='bbox 577 1741 686 1777; x_wconf 82' lang='lat' dir='ltr'>Diss.</span> <span class='ocrx_word' id='word_1_141' title='bbox 710 1736 764 1774; x_wconf 85' lang='lat' dir='ltr'>de</span> <span class='ocrx_word' id='word_1_142' title='bbox 783 1736 957 1780; x_wconf 85' lang='lat' dir='ltr'>Taenia,</span> <span class='ocrx_word' id='word_1_143' title='bbox 989 1746 1124 1784; x_wconf 84' lang='lat' dir='ltr'>praes.</span> <span class='ocrx_word' id='word_1_144' title='bbox 1155 1731 1330 1786; x_wconf 88' lang='lat' dir='ltr'>Polyc.</span> <span class='ocrx_word' id='word_1_145' title='bbox 1362 1730 1532 1770; x_wconf 86' lang='lat' dir='ltr'>Gottl.</span> <span class='ocrx_word' id='word_1_146' title='bbox 1562 1731 1723 1770; x_wconf 91' lang='lat' dir='ltr'>Scha-</span> 
     </span>
     <span class='ocr_line' id='line_1_22' title="bbox 514 1808 1724 1863; baseline -0.007 -9"><span class='ocrx_word' id='word_1_147' title='bbox 514 1813 700 1862; x_wconf 81' lang='lat' dir='ltr'>chero,</span> <span class='ocrx_word' id='word_1_148' title='bbox 729 1825 841 1863; x_wconf 84' lang='lat' dir='ltr'>resp.</span> <span class='ocrx_word' id='word_1_149' title='bbox 869 1811 943 1848; x_wconf 88' lang='lat' dir='ltr'>Jo.</span> <span class='ocrx_word' id='word_1_150' title='bbox 965 1808 1193 1847; x_wconf 85' lang='lat' dir='ltr'>Godofr.</span> <span class='ocrx_word' id='word_1_151' title='bbox 1223 1808 1388 1849; x_wconf 78' lang='lat' dir='ltr'>Hahn.</span> <span class='ocrx_word' id='word_1_152' title='bbox 1417 1810 1529 1860; x_wconf 83' lang='lat' dir='ltr'>Lips.</span> <span class='ocrx_word' id='word_1_153' title='bbox 1556 1814 1724 1861; x_wconf 55' lang='lat'>1&#39;717·4·</span> 
     </span>
     <span class='ocr_line' id='line_1_23' title="bbox 509 1883 1723 1944; baseline -0.004 -16"><span class='ocrx_word' id='word_1_154' title='bbox 509 1906 552 1944; x_wconf 84' lang='lat' dir='ltr'>p.</span> <span class='ocrx_word' id='word_1_155' title='bbox 581 1898 642 1936; x_wconf 79' lang='lat'>52.</span> <span class='ocrx_word' id='word_1_156' title='bbox 672 1890 698 1915; x_wconf 64' lang='grc' dir='ltr'>’κ</span> <span class='ocrx_word' id='word_1_157' title='bbox 753 1883 981 1927; x_wconf 74' lang='lat' dir='ltr'>Generalia</span> <span class='ocrx_word' id='word_1_158' title='bbox 1001 1884 1211 1937; x_wconf 85' lang='lat' dir='ltr'>quaedam</span> <span class='ocrx_word' id='word_1_159' title='bbox 1241 1885 1294 1923; x_wconf 87' lang='lat' dir='ltr'>de</span> <span class='ocrx_word' id='word_1_160' title='bbox 1314 1887 1490 1934; x_wconf 82' lang='lat' dir='ltr'>Taenia,</span> <span class='ocrx_word' id='word_1_161' title='bbox 1521 1899 1610 1924; x_wconf 86' lang='lat' dir='ltr'>esse</span> <span class='ocrx_word' id='word_1_162' title='bbox 1635 1887 1723 1924; x_wconf 88' lang='lat' dir='ltr'>ani-</span> 
     </span>
     <span class='ocr_line' id='line_1_24' title="bbox 509 1966 957 2005; baseline -0.013 0"><span class='ocrx_word' id='word_1_163' title='bbox 509 1966 595 2005; x_wconf 88' lang='lat' dir='ltr'>mal</span> <span class='ocrx_word' id='word_1_164' title='bbox 624 1973 957 2004; x_wconf 84' lang='lat' dir='ltr'>concatenatum.</span> 
     </span>
    </p>

    <p class='ocr_par' dir='ltr' id='par_1_7' title="bbox 458 2036 1720 2247">
     <span class='ocr_line' id='line_1_25' title="bbox 458 2036 1719 2096; baseline -0.003 -15"><span class='ocrx_word' id='word_1_165' title='bbox 458 2051 548 2096; x_wconf 75' lang='lat'>359.</span> <span class='ocrx_word' id='word_1_166' title='bbox 577 2042 650 2080; x_wconf 91' lang='lat' dir='ltr'>Jo.</span> <span class='ocrx_word' id='word_1_167' title='bbox 681 2042 855 2079; x_wconf 83' lang='lat' dir='ltr'>Maria</span> <span class='ocrx_word' id='word_1_168' title='bbox 883 2040 1173 2077; x_wconf 86' lang='lat' dir='ltr'>Lancisius</span> <span class='ocrx_word' id='word_1_169' title='bbox 1208 2038 1389 2076; x_wconf 85' lang='lat' dir='ltr'>Taenias</span> <span class='ocrx_word' id='word_1_170' title='bbox 1420 2051 1509 2076; x_wconf 86' lang='lat' dir='ltr'>esse</span> <span class='ocrx_word' id='word_1_171' title='bbox 1536 2036 1719 2093; x_wconf 86' lang='lat' dir='ltr'>polypos</span> 
     </span>
     <span class='ocr_line' id='line_1_26' title="bbox 510 2113 1720 2168; baseline -0.003 -11"><span class='ocrx_word' id='word_1_172' title='bbox 510 2120 828 2161; x_wconf 82' lang='lat' dir='ltr'>intestinorum;</span> <span class='ocrx_word' id='word_1_173' title='bbox 858 2118 902 2153; x_wconf 90' lang='lat' dir='ltr'>in</span> <span class='ocrx_word' id='word_1_174' title='bbox 929 2115 1054 2168; x_wconf 84' lang='lat' dir='ltr'>Ejus</span> <span class='ocrx_word' id='word_1_175' title='bbox 1085 2116 1197 2167; x_wconf 85' lang='lat' dir='ltr'><strong>Opp.</strong></span> <span class='ocrx_word' id='word_1_176' title='bbox 1228 2114 1391 2153; x_wconf 81' lang='lat' dir='ltr'>Genev.</span> <span class='ocrx_word' id='word_1_177' title='bbox 1422 2119 1533 2165; x_wconf 83' lang='lat'><strong>1718.</strong></span> <span class='ocrx_word' id='word_1_178' title='bbox 1553 2118 1590 2163; x_wconf 92' lang='grc'><strong>4.</strong></span> <span class='ocrx_word' id='word_1_179' title='bbox 1621 2113 1720 2153; x_wconf 82' lang='lat' dir='ltr'>Vol.</span> 
     </span>
     <span class='ocr_line' id='line_1_27' title="bbox 511 2189 1036 2247; baseline -0.01 -13"><span class='ocrx_word' id='word_1_180' title='bbox 511 2209 547 2234; x_wconf 85' lang='lat'>2.</span> <span class='ocrx_word' id='word_1_181' title='bbox 576 2210 618 2247; x_wconf 85' lang='lat' dir='ltr'>p.</span> <span class='ocrx_word' id='word_1_182' title='bbox 649 2194 736 2239; x_wconf 78' lang='lat'><strong>268.</strong></span> <span class='ocrx_word' id='word_1_183' title='bbox 765 2189 1036 2231; x_wconf 85' lang='lat' dir='ltr'>Boehmer.</span> 
     </span>
    </p>

    <p class='ocr_par' dir='ltr' id='par_1_8' title="bbox 459 2265 1719 2479">
     <span class='ocr_line' id='line_1_28' title="bbox 459 2265 1719 2324; baseline -0.006 -12"><span class='ocrx_word' id='word_1_184' title='bbox 459 2278 553 2324; x_wconf 80' lang='grc'><strong>540.</strong></span> <span class='ocrx_word' id='word_1_185' title='bbox 582 2267 763 2322; x_wconf 84' lang='lat' dir='ltr'>Steph.</span> <span class='ocrx_word' id='word_1_186' title='bbox 795 2270 827 2308; x_wconf 93' lang='lat' dir='ltr'>C</span> <span class='ocrx_word' id='word_1_187' title='bbox 843 2266 933 2306; x_wconf 89' lang='lat' dir='ltr'>oul</span> <span class='ocrx_word' id='word_1_188' title='bbox 948 2278 999 2306; x_wconf 85' lang='lat' dir='ltr'>et</span> <span class='ocrx_word' id='word_1_189' title='bbox 1025 2270 1131 2307; x_wconf 86' lang='lat' dir='ltr'>Diss.</span> <span class='ocrx_word' id='word_1_190' title='bbox 1154 2268 1292 2320; x_wconf 73' lang='lat' dir='ltr'>Inaug.</span> <span class='ocrx_word' id='word_1_191' title='bbox 1316 2266 1370 2304; x_wconf 86' lang='lat' dir='ltr'>de</span> <span class='ocrx_word' id='word_1_192' title='bbox 1389 2265 1657 2305; x_wconf 80' lang='lat' dir='ltr'>Ascaridibus</span> <span class='ocrx_word' id='word_1_193' title='bbox 1679 2277 1719 2305; x_wconf 75' lang='lat' dir='ltr'>et</span> 
     </span>
     <span class='ocr_line' id='line_1_29' title="bbox 509 2340 1717 2396; baseline -0.006 -8"><span class='ocrx_word' id='word_1_194' title='bbox 509 2348 739 2389; x_wconf 79' lang='lat' dir='ltr'>Lumbrico</span> <span class='ocrx_word' id='word_1_195' title='bbox 768 2345 868 2385; x_wconf 84' lang='lat' dir='ltr'>lato.</span> <span class='ocrx_word' id='word_1_196' title='bbox 896 2346 940 2382; x_wconf 95' lang='lat' dir='ltr'>L.</span> <span class='ocrx_word' id='word_1_197' title='bbox 969 2344 1015 2382; x_wconf 91' lang='lat' dir='ltr'>B.</span> <span class='ocrx_word' id='word_1_198' title='bbox 1049 2349 1158 2396; x_wconf 81' lang='lat'><strong>1728.</strong></span> <span class='ocrx_word' id='word_1_199' title='bbox 1186 2346 1224 2393; x_wconf 90' lang='grc'><strong>4.</strong></span> <span class='ocrx_word' id='word_1_200' title='bbox 1257 2356 1299 2394; x_wconf 91' lang='lat' dir='ltr'>p.</span> <span class='ocrx_word' id='word_1_201' title='bbox 1328 2348 1364 2388; x_wconf 85' lang='lat'>8.</span> <span class='ocrx_word' id='word_1_202' title='bbox 1394 2343 1452 2392; x_wconf 81' lang='lat' dir='ltr'>(in</span> <span class='ocrx_word' id='word_1_203' title='bbox 1473 2356 1588 2395; x_wconf 82' lang='lat' dir='ltr'>sequ.</span> <span class='ocrx_word' id='word_1_204' title='bbox 1608 2340 1717 2381; x_wconf 84' lang='lat' dir='ltr'>libro</span> 
     </span>
     <span class='ocr_line' id='line_1_30' title="bbox 511 2419 1141 2479; baseline -0.014 -14"><span class='ocrx_word' id='word_1_205' title='bbox 511 2439 553 2479; x_wconf 87' lang='lat' dir='ltr'>p.</span> <span class='ocrx_word' id='word_1_206' title='bbox 586 2424 816 2476; x_wconf 76' lang='lat'><strong>150-137.)</strong></span> <span class='ocrx_word' id='word_1_207' title='bbox 843 2419 1141 2476; x_wconf 88' lang='lat' dir='ltr'>Dryander.</span> 
     </span>
    </p>

    <p class='ocr_par' dir='ltr' id='par_1_9' title="bbox 591 2494 1715 2540">
     <span class='ocr_line' id='line_1_31' title="bbox 591 2494 1715 2540; baseline -0.008 0"><span class='ocrx_word' id='word_1_208' title='bbox 591 2503 812 2540; x_wconf 79' lang='lat' dir='ltr'>Tractatus</span> <span class='ocrx_word' id='word_1_209' title='bbox 850 2496 1070 2536; x_wconf 82' lang='lat' dir='ltr'>historicus</span> <span class='ocrx_word' id='word_1_210' title='bbox 1108 2495 1161 2534; x_wconf 83' lang='lat' dir='ltr'>de</span> <span class='ocrx_word' id='word_1_211' title='bbox 1197 2494 1464 2535; x_wconf 81' lang='lat' dir='ltr'>Ascaridibus</span> <span class='ocrx_word' id='word_1_212' title='bbox 1516 2503 1558 2534; x_wconf 79' lang='lat' dir='ltr'>et</span> <span class='ocrx_word' id='word_1_213' title='bbox 1592 2495 1715 2537; x_wconf 85' lang='lat' dir='ltr'>Lum-</span> 
     </span>
    </p>
   </div>
  </div>
 </body>
</html>
