1801 3066
452 147 525 172 1222

499 236 761 279 Drehschafe
797 250 884 276 von
921 238 954 276 J.
992 237 1142 275 Riem
1178 235 1270 274 und
1309 235 1359 275 G.
1395 237 1429 275 J.
1465 236 1715 281 Reutter.

498 315 649 355 Dresd.
690 315 781 355 und
819 316 959 366 Leipz.
999 314 1111 366 1791.
1139 319 1177 359 8.
1216 312 1358 367 plagg.
1387 318 1425 358 8.
1481 313 1714 368 Hydatides

497 392 594 431 loca
621 394 760 440 varia,
781 390 856 445 *vel
887 393 932 428 in
960 388 1048 428 basi
1079 388 1269 437 cerebri,
1301 388 1369 433 vel
1401 391 1446 429 in
1475 389 1715 440 cerebello,

499 480 572 508 aut
606 468 816 508 medullae
854 466 1023 520 spinalis
1070 467 1190 504 initio
1231 465 1439 506 obtinere.
1503 466 1715 505 Ludwi-

498 548 641 599 gium
686 543 819 586 semel
857 546 1047 597 quinque
1085 557 1172 581 uno
1205 545 1248 580 in
1270 541 1462 601 ‘cerebro
1492 540 1712 598 hydatides

496 621 754 670 observasse,
776 630 859 659 tres
890 632 1127 673 quatuorve
1156 620 1322 671 saepius
1349 617 1577 658 observari.
1607 620 1714 657 Tre·
1748 612 1756 623 Χ

495 700 599 751 pani
629 696 871 750 applicandi
907 695 1145 735 methodus.

442 780 532 827 422.
571 775 640 813 In:
675 774 707 811 J.
747 773 952 812 Riem's
991 771 1159 814 Sarnml.
1206 769 1442 811 vermischt.
1484 771 1713 811 oekonom.
1752 827 1753 831 Ἰ

493 850 713 890 Schriften.
750 851 795 889 B.
826 862 862 888 2.
900 849 1006 888 Lief.
1034 853 1072 900 4.
1100 848 1251 888 Dresd.
1287 862 1396 900 1791.
1426 853 1464 894 8.
1518 847 1574 887 de
1602 849 1713 895 Coe-

495 941 606 967 nuro
637 940 811 981 quoque
842 929 991 979 agitur.

442 1008 534 1056 425.
563 1006 630 1043 W.
668 1003 982 1043 Moorcroft
1017 1005 1061 1051 iu
1097 1000 1284 1042 Medical
1312 1002 1431 1042 Facts
1477 1002 1560 1042 ancl
1589 1001 1712 1041 Obss.

493 1079 591 1118 Vol.
619 1079 689 1118 ΙΙΙ.
723 1093 833 1132 1792.
862 1093 902 1117 n.
931 1083 970 1129 4.
1001 1079 1055 1118 de
1085 1080 1285 1118 Coenuro
1319 1093 1367 1118 ex
1394 1080 1561 1118 Vaccae
1589 1080 1709 1118 vivae

496 1155 676 1195 cerebro
716 1157 881 1208 trepani
919 1169 1003 1209 ope
1044 1155 1210 1195 educto.
1267 1169 1427 1212 recens.
1467 1155 1588 1194 Gc'ict.
1615 1156 1713 1193 An-

494 1234 603 1284 zeig.
644 1239 754 1285 1793.
787 1246 828 1285 p.
858 1232 952 1282 483.

439 1314 529 1360 424.
568 1310 848 1361 Anweisung,
904 1309 985 1346 wie
1030 1320 1128 1347 man
1172 1307 1240 1347 die
1290 1306 1528 1347 schadliche
1572 1305 1712 1346 Dreh-

492 1383 717 1423 krankheit
764 1383 870 1421 oder
915 1382 988 1420 das
1031 1382 1186 1436 Segeln
1235 1382 1314 1420 der
1348 1381 1499 1423 Schafe
1540 1385 1585 1420 in
1625 1383 1710 1422 den

488 1463 672 1504 ,meisten
698 1457 844 1497 Fauen
872 1457 945 1496 auf
973 1460 1066 1496 eine
1101 1456 1295 1498 einfache
1333 1458 1425 1499 und
1450 1457 1606 1498 leichte
1633 1460 1712 1500 Art

494 1534 703 1592 gliicklich
740 1534 833 1574 und
871 1533 1006 1574 sicher
1043 1532 1185 1573 heilen
1222 1533 1377 1573 konne.
1443 1537 1546 1576 Von
1578 1535 1623 1574 F.
1660 1537 1710 1577 K.

495 1610 695 1651 Gerick
711 1623 744 1648 e.
783 1607 928 1647 Berlin
972 1615 1086 1655 1805.
1116 1611 1152 1648 8.
1197 1608 1278 1648 tab.
1310 1623 1401 1649 aen.
1436 1625 1468 1650 1.
1535 1611 1710 1665 Recens.

491 1691 536 1726 in
562 1687 704 1739 Leipz.
732 1685 840 1722 Lice.
869 1685 983 1722 Zeia.
1019 1691 1129 1736 1807.
1169 1698 1208 1723 n.
1243 1692 1330 1737 157.
1358 1701 1398 1738 p.
1432 1690 1535 1740 2497
1553 1711 1571 1718 -
1593 1695 1708 1742 2499.

490 1761 643 1802 Libelli
686 1775 767 1800 nec
817 1771 1034 1800 auctorem
1075 1775 1154 1800 nec
1193 1775 1415 1801 censorem
1455 1761 1708 1818 hydatidum

491 1853 657 1879 vermes
703 1840 895 1876 invenire
938 1840 1148 1889 potuisse,
1204 1849 1352 1878 nostro
1392 1840 1566 1892 quidem
1603 1851 1710 1880 tem-

492 1930 602 1969 pore
639 1917 791 1954 mirum
828 1914 1050 1954 videbitur.
1114 1897 1304 1956 Eosdem*
1326 1930 1431 1956 vero
1468 1931 1632 1957 vermes
1659 1917 1708 1955 li-

492 1992 618 2031 beros
650 1993 876 2044 quaesiisse
905 1994 1087 2044 suspicio
1117 1991 1209 2032 fere
1239 1995 1341 2031 oriri
1376 1996 1519 2046 possit.
1576 1992 1706 2033 Glan-

497 2068 606 2107 dulis
635 2071 720 2107 ictu
748 2068 936 2122 quodam
966 2071 1109 2121 capitis
1137 2068 1257 2108 laesis
1281 2080 1427 2110 auctor
1453 2069 1608 2111 malum
1630 2070 1704 2109 de-

492 2148 623 2194 rivat,
652 2145 770 2198 quod
797 2159 888 2184 rem
918 2156 1058 2185 autem
1085 2148 1256 2186 minime
1287 2146 1484 2198 explicat;
1514 2148 1701 2184 censoris

493 2237 595 2261 vero
636 2220 878 2276 hypothesis
916 2237 1013 2262 vasa
1052 2222 1320 2266 absorbentia
1367 2225 1478 2262 inter
1515 2221 1700 2262 valvulas

494 2302 740 2337 intumuisse
778 2301 920 2352 sicque
958 2297 1202 2354 hydatidem
1229 2298 1432 2338 formasse
1463 2311 1597 2353 aeque
1626 2311 1701 2351 pa-

492 2390 587 2414 rum
617 2376 779 2415 admitti
805 2385 956 2428 potest.
