1801 3066
1292 162 1313 173 ‚-

1289 169 1368 208 077
1386 154 1393 158 ’

100 260 260 297 intrare
289 259 443 310 passim
471 257 608 311 legam
638 254 712 294 cel.
744 255 924 297 Pallas
953 261 1082 309 (Diss.
1111 261 1214 299 Bibl.
1238 273 1365 301 nostr.

100 348 140 372 n.
176 341 231 385 14.
265 335 379 387 apud
408 332 635 370 Sandifo
650 347 672 369 r
686 342 710 370 t.
735 346 780 392 xp.
812 333 928 386 256.)
966 348 1104 373 casum
1133 336 1264 374 refert
1291 337 1368 377 sibi

101 412 322 456 traditum,
371 407 548 447 hominis
590 410 789 448 nimirum
825 412 870 447 in
910 406 1038 447 fluvio
1078 408 1274 461 lavantis,
1327 423 1368 451 et

99 489 242 539 paucis
282 483 430 523 diebus
472 483 620 535 elapsis
660 499 800 524 aream
837 485 1001 538 pollicis
1038 484 1128 524 fere
1159 487 1365 527 diametro

100 562 399 600 inflammatam
438 562 482 597 in
523 561 650 598 dorso
688 561 810 612 pedis
849 562 1148 612 percipientis,
1192 576 1276 614 quo
1318 578 1367 602 ex

98 638 196 676 loco
227 638 435 675 Gordium
469 638 585 686 apice
603 635 893 686 prominulam
916 637 1176 691 subnigrum,
1207 641 1363 690 equino

98 713 189 767 pilo
232 713 434 762 similem,
485 726 617 750 tinum
658 727 752 751 cum
789 713 962 752 dimidio
1003 714 1159 766 pedem
1186 712 1361 767 longum

100 791 295 834 extraxit;
342 803 441 832 num
476 772 629 827 vermis
664 791 779 828 vivus
816 789 969 838 fuerit,
1021 804 1111 828 non
1148 801 1362 828 narratur:

100 875 304 918 quantum
326 875 464 903 autem
490 867 567 903 iste
591 879 613 903 a
632 864 783 904 Filaria
807 867 1044 906 medinensi
1069 865 1226 915 differt,
1255 879 1362 920 quae
1410 913 1413 917 1

99 956 179 994 per
214 954 376 979 menses
420 951 462 978 et
490 954 624 979 annos
661 943 849 995 integros
888 944 955 982 vix
982 940 1241 993 percipitur,
1283 946 1363 982 iste

101 1032 195 1056 cum
225 1019 376 1057 vermis
408 1016 462 1054 ob
492 1011 775 1055 habitaculum
803 1004 1014 1056 insuetuni
1032 1021 1245 1070 inquietus
1267 1034 1365 1059 mox

103 1091 475 1133 inflammationem
498 1103 652 1131 tantam
675 1096 839 1139 civerit3
872 1094 1233 1145 quemadmodum
1255 1096 1365 1134 Gor-

101 1171 193 1209 dius
229 1169 346 1208 idem
383 1173 517 1221 pisces
555 1169 680 1208 saone
717 1172 960 1209 interimere
999 1171 1175 1220 dicitur,
1214 1172 1364 1224 quibus

99 1260 264 1288 vermes
293 1249 462 1298 proprii
493 1244 667 1287 lethales
696 1260 786 1285 non
813 1256 917 1284 sunt.
988 1242 1049 1288 CI.
1078 1248 1364 1287 Bacounin

101 1324 168 1374 (in
194 1321 414 1359 Rozieri
444 1322 544 1359 diar.
573 1319 748 1374 physico
783 1335 891 1373 1791.
919 1336 960 1374 p.
991 1328 1220 1375 204‘2¹2'{·)
1254 1327 1364 1363 Gor-

102 1398 195 1436 dios
224 1399 437 1449 aquaticos
469 1398 698 1448 (aquarum
727 1398 1075 1450 Taurinensium).
1095 1401 1139 1437 in
1164 1399 1273 1438 lacte
1295 1400 1365 1439 vel

101 1487 210 1525 aqua
239 1486 367 1524 supra
397 1473 573 1526 gradum
606 1475 849 1511 vicesimum
885 1475 1076 1524 quintum
1104 1475 1172 1513 vel
1203 1486 1363 1515 sextum

101 1548 308 1587 calefactis
337 1551 446 1585 mori
475 1548 736 1595 observavit,
767 1558 808 1585 et
838 1563 861 1586 a
889 1550 1059 1588 canibus
1088 1553 1262 1602 impune
1292 1553 1364 1591 de-

98 1623 243 1677 glutiri
270 1624 413 1662 refert.
476 1623 530 1661 Et
557 1625 766 1662 rarissime
804 1624 978 1676 quidem
1008 1625 1164 1664 Gordii
1191 1626 1259 1664 vel
1286 1626 1365 1665 ho-

98 1703 255 1748 mines,
293 1700 360 1740 vel
390 1700 468 1741 alia
496 1709 668 1751 praeter
694 1696 827 1752 pisces
870 1699 1063 1740 animaHa
1090 1704 1268 1751 intrant,
1305 1707 1364 1742 sic
1411 1693 1414 1696 ’

101 1775 175 1815 cel.
214 1776 394 1814 Pallas
441 1777 589 1827 (Reise
629 1775 760 1815 durch
798 1776 1099 1817 verschiedene
1128 1780 1363 1819 Provinzen

99 1853 175 1894 des
210 1867 313 1891 russ.
351 1851 513 1891 Reichs.
568 1852 824 1905 Petersburg
866 1858 1042 1907 ¹77124·
1078 1856 1125 1896 P.
1158 1869 1190 1893 1.
1230 1869 1270 1907 p.
1298 1859 1363 1909 9.)

101 1943 145 1968 se
175 1929 348 1968 eosdem
376 1931 569 1980 nuspiam
599 1942 734 1981 aeque
778 1931 975 1980 copiosos
1006 1944 1053 1968 ac
1079 1944 1219 1982 prope
1248 1932 1363 1971 Wal-

100 2005 169 2045 dai
198 2005 463 2054 observasse,
494 2006 546 2044 de
575 2005 723 2043 iisdem
752 2014 892 2044 autem
921 2003 1101 2045 homiliis
1135 2018 1273 2046 cutem
1301 2012 1363 2049 in-

101 2082 331 2132 trantibus,
371 2084 455 2121 istis
493 2084 537 2120 in
565 2081 809 2135 regionibus
847 2080 908 2119 nil
937 2086 1193 2135 comperisse
1224 2086 1361 2123 tradit.

101 2158 146 2197 Si
175 2159 228 2197 de
267 2159 418 2213 gordio
456 2172 610 2211 equum
637 2160 819 2196 intrante
853 2161 1008 2210 passim
1043 2173 1181 2198 sermo
1218 2161 1361 2210 fuerit,

105 2223 297 2274 auctores
329 2234 511 2272 eundem
544 2248 639 2272 cum
668 2233 824 2274 Filaria
852 2237 951 2287 equi
977 2234 1185 2287 papillosa
1214 2237 1361 2277 confu-

105 2311 238 2358 disse,
266 2313 627 2363 persuasissimum
657 2308 818 2359 habeo,
847 2311 978 2364 idque
1008 2326 1059 2350 eo
1089 2310 1251 2352 facilius
1281 2323 1360 2352 sta—

103 2389 166 2430 tui
199 2379 362 2438 potest,
401 2400 485 2444 quo
526 2386 681 2431 diutius
708 2386 813 2427 haec
841 2390 1036 2442 ignorata
1063 2386 1198 2427 fuerit.
1264 2391 1359 2428 Pari

102 2462 249 2515 forsan
276 2465 440 2504 ratione
466 2463 637 2533 plurimi
646 2493 660 2523 2
687 2466 732 2507 ni
759 2477 921 2516 omnes,
948 2465 1124 2516 piscium
1153 2466 1359 2506 ascarides
