1801 3066
1247 174 1320 215 177

50 250 258 303 cephalos
296 251 532 305 detegeret,
568 252 727 302 primus
764 251 867 302 fuit,
905 255 1035 306 quid?
1074 260 1192 310 quod
1218 261 1318 301 licet

47 327 281 365 Anatomici
318 326 437 378 hujus
475 328 626 363 summi
663 336 795 378 opera
832 331 1022 368 omnium
1051 335 1095 372 in
1123 337 1316 377 manibus

49 413 196 451 essent,
224 403 353 440 iidem
382 411 523 440 tamen
541 415 716 449 vermes,
745 403 1028 443 humanorum
1052 413 1169 459 quod
1187 417 1317 454 sciam

47 480 136 517 fere
155 477 435 531 vulgatissimi,
455 480 630 529 posteris
651 479 705 516 ad
731 479 1030 520 Roedereri
1057 496 1188 537 usque
1212 498 1316 527 tem-

46 567 153 607 pora
179 555 385 607 incogniti
412 552 547 594 fuere.
601 553 849 593 Novissimis
887 558 1056 596 tandem
1094 564 1210 599 annis
1238 576 1316 601 no-

46 643 121 668 vus
155 631 310 668 iterum
344 632 493 669 vermis
530 642 553 667 a
581 629 874 671 Treutlero
903 635 948 671 in
975 632 1148 674 homine
1174 651 1316 689 reper-

45 715 110 744 tus
140 715 221 754 est,
249 706 325 745 sed
349 706 444 745 loca
473 706 772 754 examinandO,
801 710 845 747 in
873 708 1025 761 quibus
1055 725 1215 751 vermes
1245 714 1318 752 ad-

47 797 134 823 esse
159 796 285 836 posse
312 783 608 820 Antecessores
635 794 691 821 ne
720 786 894 836 quidem
923 790 1122 839 suspicati
1149 798 1256 829 sunt.

124 858 332 898 Animalia
370 870 493 911 ergO,
532 868 737 910 quantum
773 860 861 899 fieri
888 872 1051 914 potest,
1089 867 1319 921 recentia,-

43 949 99 976 ne
126 922 313 974 Entbzoa
341 942 508 971 mortua
536 935 601 972 vel
627 937 848 986 putredine
876 938 1075 979 dissoluta
1105 942 1314 992 offendas,

48 1026 199 1051 omnes
226 1008 379 1065 quoad
398 1019 558 1063 parces
585 1019 627 1049 et
653 1014 910 1066 ,sa-<pissime
938 1018 1232 1065 examinanda,
1271 1025 1315 1061 in

12 1105 17 1108 ·
43 1089 233 1142 partibus
261 1099 362 1125 vero
390 1087 650 1126 tenuioribus
669 1090 733 1128 vel
753 1088 875 1129 tacile
893 1092 1108 1131 laedendis
1128 1095 1314 1137 sollertia

43 1179 205 1205 summa
244 1163 498 1205 adhihenda.
576 1164 626 1204 In
664 1167 906 1205 animalium
941 1173 1155 1209 minorum
1193 1187 1314 1213 oeso-

43 1243 207 1296 phago,
234 1243 460 1287 intestino,
497 1240 668 1280 trachea
697 1252 738 1280 et
763 1243 1059 1295 pulmonibus,
1100 1250 1145 1286 in
1173 1252 1313 1290 avium

44 1320 172 1359 bursa
200 1317 447 1356 Fabricio
478 1317 611 1362 dicta,
641 1316 918 1365 dissecandis,
955 1322 1100 1361 forfice
1128 1329 1243 1364 tenui
1271 1337 1314 1366 et

45 1399 231 1441 incurva,
260 1396 301 1430 in
328 1391 514 1445 partibus
542 1390 712 1443 reliquis
741 1393 940 1445 scalpello
962 1402 1200 1439 anatomico
1227 1403 1314 1442 vul-

46 1474 134 1525 gari
163 1471 323 1522 optime
350 1469 487 1506 utaris.
545 1469 699 1505 Ovium
737 1472 1083 1523 vertiginosarum
1122 1480 1312 1518 cranium

45 1549 218 1584 minime
244 1556 396 1587 serrae,
425 1551 473 1579 ut
499 1543 696 1590 suadent,
726 1557 830 1594 ope,
868 1547 942 1584 sed
970 1548 1131 1600 scalpro
1158 1552 1310 1606 fabrili,

42 1621 275 1673 forficeque
310 1618 525 1664 validiori,
571 1630 656 1669 qua
692 1631 786 1657 ossa
828 1620 1072 1676 diffringere
1110 1626 1310 1679 solemus,

44 1708 165 1738 caute
193 1696 468 1736 auferendum
498 1703 579 1739 est:
609 1695 662 1733 de
688 1694 789 1734 loco
818 1709 933 1745 vero,
963 1702 1029 1737 cui
1048 1699 1213 1756 hydatis
1244 1720 1312 1745 ce-

42 1775 212 1816 rebralis
241 1772 386 1818 subsit,
416 1771 574 1811 ossibus
601 1771 800 1810 calvariae
828 1773 984 1812 ibidem
1013 1777 1078 1815 vel
1105 1780 1311 1822 molliori-

45 1853 122 1890 bus
151 1849 215 1889 vel
245 1859 286 1888 et
313 1848 624 1887 foraminulosis
657 1848 797 1898 factis,
835 1849 1089 1905 plerumque
1126 1867 1311 1907 constan

45 1926 286 1967 animalium
313 1928 526 1963 minorum
548 1928 686 1964 crania
707 1926 841 1964 forfici
862 1927 1018 1981 vulgari
1036 1930 1311 1983 utplurimum

45 2004 213 2044 cedunt.
241 2004 450 2041 Tumores
478 2002 765 2056 glandulosos,
793 2003 1012 2057 hydatides
1042 2016 1084 2045 et
1112 2022 1310 2066 aneurys-

45 2091 176 2129 mata,
222 2078 435 2119 vermibus
472 2092 598 2130 saepe
635 2082 851 2130 scatentia,
877 2094 1097 2136 nunquam
1126 2096 1310 2140 praeter-

45 2160 195 2199 videas.

122 2234 312 2272 Partibus
342 2232 526 2272 dissectis
553 2247 714 2274 vermes
741 2236 980 2287 saepissime
1016 2240 1120 2278 visu‘i
1146 2250 1307 2292 patent,

45 2309 254 2349 interdum
290 2320 451 2358 autem,
487 2314 733 2364 praesertim
758 2315 945 2361 minora,
981 2328 1108 2353 muco
1139 2316 1308 2357 obtecta

48 2388 193 2426 oculos
221 2386 396 2439 Fugiunt,
425 2390 482 2426 sic
508 2401 546 2427 v.
575 2401 611 2427 c.
634 2388 975 2444 Trz‘ckoeepbali
991 2398 1033 2429 et
1047 2392 1307 2433 Discomaca

46 2477 172 2516 saepe
198 2462 369 2503 villosae
395 2464 516 2504 infixa
544 2464 620 2504 sub
647 2477 776 2503 muco
802 2465 945 2514 latent,
974 2466 1042 2507 hic
1068 2469 1213 2521 itaque
1239 2469 1306 2509 vel

697 2541 746 2580 M
