1801 3066
1268 177 1356 218 “215

100 277 149 316 In
176 279 377 332 sanguine
404 279 518 323 vivo,
547 284 595 312 ut
622 286 749 325 supra
775 275 945 321 monui,
983 273 1113 314 fibrae
1139 287 1358 330 separatae

101 366 190 393 non
219 364 338 401 sunt,
390 352 490 390 tales
528 352 673 402 itaque
699 351 862 387 moveri
896 360 984 387 non
1011 362 1206 400 possunt,
1252 353 1357 391 fibra

102 439 239 468 autem
268 429 476 482 sanguinis
503 434 600 479 post
627 435 807 464 mortem
845 433 936 463 orta
972 427 1082 463 vitae
1111 440 1253 478 expers
1283 440 1357 478 cst,

101 507 286 557 ejusdem
312 508 453 556 itaque
484 505 710 556 agitatione
735 511 874 540 motus
911 503 1023 540 vivos
1053 502 1261 554 explicare
1287 519 1359 543 ne-

100 590 268 633 queunt,
311 580 568 631 Principium
598 578 814 632 quoddam
843 578 1102 626 musculare,
1131 592 1206 616 seu
1232 589 1360 617 mate-

97 657 200 693 riam
230 656 441 709 quandam
482 655 678 693 musculis
714 657 932 706 propriam
971 667 1210 707 supponere
1248 656 1358 707 cogi-

96 746 214 781 mur,
255 733 358 772 haec
385 745 483 770 vero
511 745 614 769 num
640 730 744 769 fibra
772 734 983 786 sanguinis
1012 734 1077 776 sit,
1108 731 1360 770 determina-

94 820 140 844 re
167 821 255 846 non
276 810 424 853 ausim;
454 818 495 846 et
521 811 564 847 in
593 807 850 846 animalculis
870 808 1118 847 inferiorum
1147 806 1359 851 ordinum,

98 882 248 935 quibus
287 887 450 939 sanguis
488 897 608 922 verus
648 895 840 939 negatur,
889 896 991 922 num
1018 883 1122 923 fibra
1149 885 1360 937 sanguinis

98 960 230 1007 adsit,
267 963 445 997 maxime
469 959 659 999 dubium.
721 961 827 998 Tela
854 960 997 998 forsan
1024 973 1199 998 mucosa
1227 965 1270 997 in
1298 958 1359 996 his

92 1039 328 1074 mutatione
355 1036 436 1074 levi
465 1036 618 1076 oborta
652 1038 698 1075 in
733 1036 856 1075 fibras
891 1038 1086 1076 motrices
1123 1035 1231 1082 abit,
1288 1042 1361 1072 aut

95 1110 253 1165 absque
280 1112 478 1152 fibrarum
507 1115 647 1167 specie
673 1113 824 1152 mobili
850 1136 903 1144 --
941 1112 1070 1152 talem
1104 1113 1361 1153 nanciscitur

91 1201 310 1229 summam.

198 1266 247 1305 In
276 1267 517 1305 animalium
554 1268 889 1318 compositorum
916 1266 1106 1320 partibus
1133 1275 1274 1306 motus
1302 1266 1360 1303 vi-

92 1343 132 1380 vi
177 1345 251 1395 qui
287 1342 485 1380 musculis
514 1343 617 1380 veris
649 1344 853 1394 originem
880 1356 969 1381 non
999 1343 1178 1390 debent,
1227 1344 1359 1380 rarius

95 1420 432 1469 conspiciuntur,
461 1418 621 1456 idcirco
650 1430 752 1456 vero
782 1421 925 1471 negari
953 1431 1041 1456 non
1068 1426 1257 1470 possunt.
1310 1416 1361 1455 In

95 1494 221 1531 catuli
247 1494 518 1545 pulmonibus
554 1502 696 1530 motus
735 1494 919 1531 distincti
957 1494 1149 1532 mihimet
1185 1494 1263 1531 visi
1289 1492 1360 1541 ’ῆς

91 1572 134 1606 in
162 1568 272 1607 tubis
298 1569 582 1621 Falloppianis
622 1582 648 1606 a
674 1568 864 1621 plurimis
907 1568 1136 1614 observati3
1181 1570 1228 1606 in
1252 1566 1361 1604 iride

93 1655 135 1683 et
159 1654 284 1684 utero
314 1644 508 1684 omnibus
536 1646 764 1690 notissimi3
799 1647 910 1683 uteri
939 1645 1134 1698 quidem,
1171 1655 1261 1682 non
1289 1655 1361 1681 au-

90 1730 174 1759 tem
201 1723 386 1772 partium
413 1721 698 1774 reliquarum,
736 1719 867 1760 fibrae
893 1721 1151 1760 musculares
1182 1719 1233 1758 ab
1265 1732 1361 1758 ana-

91 1798 256 1836 tomicis
287 1808 572 1847 assumuntur,
599 1811 679 1837 nec
712 1800 757 1836 in
787 1811 839 1837 eo
867 1797 992 1836 valde
1018 1796 1283 1850 probabiles,
1311 1803 1360 1833 ut

90 1882 231 1912 motus
259 1876 360 1912 istos
398 1888 482 1926 ope
515 1876 712 1927 principii
747 1873 995 1913 muscularis
1036 1884 1107 1913 aut
1134 1874 1358 1917 moventis,

88 1950 274 2003 reliquae
294 1954 517 2000 materiae,
553 1952 747 1991 nondum
782 1954 828 1988 in
853 1950 977 1990 fibras
1005 1949 1262 1989 musculares
1290 1961 1359 1986 ve-

88 2040 155 2066 ras
183 2026 397 2076 evolutae,
425 2031 563 2080 nupti,
591 2027 727 2066 multo
755 2027 919 2067 facilius
949 2027 1139 2080 explices.
1198 2028 1358 2080 Quem-

92 2103 325 2143 admodum
353 2116 455 2142 vero
483 2107 529 2143 in
555 2104 869 2152 Mammalibus,
897 2105 1072 2152 Avibus,
1119 2103 1356 2156 Amphibiis

92 2187 135 2217 et
149 2178 356 2228 Piscibus,
385 2182 443 2219 ita
473 2184 599 2220 etiam
622 2183 668 2220 in
693 2181 926 2229 Molluscis,
957 2180 1192 2220 Crustaceis
1221 2190 1262 2219 et
1289 2179 1358 2217 In-

94 2257 215 2293 sectis
242 2265 382 2295 motus
410 2259 479 2296 isti
517 2258 628 2296 fibris
665 2257 972 2296 muscularibus
1002 2258 1203 2296 distinctis
1233 2258 1358 2310 origi-

164 2426 198 2470 *)
235 2427 407 2463 Anatom.
433 2427 640 2476 physiolog.
677 2429 978 2478 Abhandlungeu
1004 2441 1078 2464 von
1119 2429 1167 2465 K.
1194 2429 1235 2466 A.
1261 2428 1356 2463 Ru-

97 2481 288 2531 delphi.
338 2483 464 2518 Berlin
492 2493 592 2528 1802.
629 2494 663 2528 8,
692 2502 730 2536 Ρ,
762 2500 837 2525 110.
864 2501 918 2536 sq.
