1801 3066
465 153 520 192 ’60

518 249 676 291 nullius
703 251 922 289 momenti.
972 250 1174 292 Unzeri
1211 253 1320 293 Diss.
1360 238 1525 306 (Bibl.
1557 269 1602 298 n.
1629 263 1735 312 550).

517 343 560 381 p.
589 328 742 380 67-72.
771 327 962 367 traditur.

465 405 529 450 56.
559 407 704 445 Dom.
741 404 1006 443 Vandelli
1043 406 1158 447 Diss.
1190 406 1243 445 de
1272 407 1413 458 Aponi
1442 406 1638 460 thermis,
1680 412 1739 452 de·

514 480 730 522 nonnullis
764 484 931 520 insectis
962 482 1229 521 terrestribus
1253 494 1294 522 et
1314 481 1536 539 zoophytis
1560 489 1733 526 marinis

517 570 559 599 et
589 559 643 597 de
670 562 878 597 vermium
906 569 1045 597 terrae
1067 559 1401 610 reproductione
1426 571 1552 614 atque
1571 564 1734 603 Taenia

515 638 642 676 canis.
696 635 867 674 Padoae
900 640 1012 686 1758.
1042 634 1183 689 plagg.
1217 650 1277 674 12.
1305 639 1350 674 in
1376 642 1413 682 3.
1443 636 1556 676 tabb.
1580 652 1672 678 aen.
1693 646 1732 685 5.

513 716 747 753 Auctorem
774 713 980 750 Taeniam
1008 721 1213 750 serratam
1239 715 1351 750 canis
1376 721 1417 751 et
1442 702 1535 752 felis
1565 716 1623 766 (p.
1644 721 1730 766 148.

516 802 558 830 et
589 795 674 834 151.
704 787 788 828 tab.
816 791 868 839 5.)
900 798 940 826 et
967 788 1213 827 Ascaridem
1240 789 1431 828 Alaudae
1460 792 1516 843 (p.
1545 791 1624 844 76.)
1654 793 1731 832 ob-

513 877 699 906 servasse
716 865 768 903 O.
797 865 872 903 Fr.
899 863 1094 903 Mfiller
1123 864 1386 917 (Bibl.n.zo.)
1405 866 1548 906 reFert.
1573 870 1728 921 Cap.2.

514 944 569 983 de
596 940 872 982 subtilissimis
904 954 1112 993 equorum
1140 942 1379 990 vermibus,
1419 944 1464 981 in
1493 943 1728 985 abdominis

513 1022 689 1059 cavitate
717 1017 860 1056 liberis
888 1018 1156 1068 reperiundis
1187 1021 1249 1070 (p.
1281 1019 1344 1070 67.
1374 1034 1468 1058 cum
1495 1023 1591 1073 ic.);
1622 1036 1726 1076 ergo

432 1094 435 1097 ’
511 1098 566 1137 de
584 1096 759 1135 Filarfis.
801 1096 1008 1133 Taeniam
1028 1109 1118 1134 esse
1142 1095 1295 1134 animal
1317 1095 1506 1148 simplex.
1559 1097 1724 1135 Comm.
1763 1131 1766 1134 .

509 1174 623 1213 Med.
651 1172 774 1225 Lips.

457 1256 523 1303 57.
550 1250 624 1288 Jo.
653 1246 870 1298 Philipp
901 1246 962 1285 de
990 1247 1291 1302 Limbourg
1321 1246 1650 1290 Observationes
1671 1251 1725 1290 de

507 1323 778 1364 Ascaridjbus
810 1333 851 1360 et
875 1323 1156 1362 Cucurbitinis
1187 1335 1228 1362 et
1254 1327 1522 1375 potissimum
1542 1327 1597 1366 de
1615 1329 1726 1366 Tae-

505 1404 592 1450 nia,
621 1410 706 1437 tam
723 1396 904 1434 humana
924 1410 1052 1449 quam
1069 1397 1276 1448 leporina.
1305 1398 1355 1436 In
1373 1400 1540 1438 Plu'los.
1567 1403 1727 1440 Trans-

508 1486 599 1516 acc.
641 1474 755 1526 1766.
794 1487 837 1525 p.
878 1474 1092 1519 126-152.
1131 1473 1214 1511 tab.
1253 1474 1345 1512 VH.
1376 1475 1402 1499 'k
1465 1476 1629 1515 Taenia
1663 1476 1725 1516 le-

506 1555 661 1606 porina
689 1551 784 1589 satis
801 1549 912 1587 bene
930 1549 1189 1601 depingitur,
1220 1548 1380 1601 absque
1405 1554 1545 1602 capite
1565 1562 1721 1602 tamen,

505 1628 625 1682 quod
652 1625 822 1664 Taeniis
857 1638 947 1662 non
987 1638 1078 1662 esse
1116 1625 1350 1663 contendit.
1405 1625 1496 1679 Fig.
1527 1633 1637 1678 2-4.
1668 1629 1722 1667 ad

505 1707 557 1744 T.
587 1701 749 1741 Solium
777 1700 996 1739 referrem.
1051 1702 1261 1740 Ascaridis
1291 1702 1378 1756 Fig.
1409 1709 1446 1747 5.
1475 1704 1606 1742 rudis.

379 1769 382 1771 ,
453 1789 516 1830 58.
544 1783 711 1832 Auszug
732 1792 802 1816 aus
825 1780 962 1815 einen]
981 1774 1211 1816 Schreiben
1228 1791 1314 1816 von
1334 1778 1366 1816 J.
1388 1778 1437 1817 A.
1460 1780 1504 1817 E.
1537 1780 1615 1818 Go
1631 1794 1720 1819 eze

506 1872 559 1897 an
587 1854 732 1894 Ebel.
780 1854 830 1892 In
857 1853 1083 1905 Besclzc'isc.
1115 1853 1196 1892 der
1223 1855 1333 1893 ΒΝΖ.
1369 1856 1601 1894 Gesellsclz.
1626 1859 1719 1894 Na-

506 1930 744 1987 curforsclz.
773 1929 978 1970 Preunde
1003 1931 1050 1969 B.
1079 1937 1116 1976 5.
1145 1931 1184 1969 S.
1212 1937 1286 1983 491
1304 1955 1318 1961 -
1335 1932 1426 1984 496.
1449 1932 1473 1957 *
1516 1930 1584 1970 De
1608 1934 1718 1972 Tae-

502 2014 582 2050 niis
612 2008 837 2062 quaedam,
868 2007 1029 2053 obiter;
1060 2007 1114 2046 de
1141 2007 1364 2061 Anguillae
1383 2007 1606 2048 Cucullani
1623 2011 1716 2047 viva

533 2087 638 2127 role.

448 2101 673 2217 59ῗοῐῐο
703 2161 844 2200 Frid.
873 2159 1072 2200 Muller
1100 2161 1182 2198 Om
1202 2158 1294 2215 Dyr
1321 2136 1463 2216 iDyrs
1491 2159 1712 2210 indvolde,

501 2243 612 2279 isaer
649 2252 719 2277 om
775 2237 1235 2277 Giedde-Kratseren.
1305 2237 1355 2275 In
1402 2237 1607 2275 Kiobenh
1624 2252 1712 2276 svn.

499 2317 612 2356 Selk.
659 2316 856 2355 Skrivcer
905 2328 951 2353 12
996 2314 1119 2353 Deel.
1172 2316 1338 2366 (1779.)
1384 2328 1428 2366 p.
1472 2321 1549 2359 223
1576 2338 1594 2344 -
1622 2314 1711 2360 236.

498 2393 797 2447 Dryander.

579 2470 742 2510 Versio
783 2469 1076 2519 germanica:
1133 2467 1187 2508 O.
1228 2467 1302 2506 Fr.
1338 2464 1589 2506 Mulier's
1626 2465 1711 2505 Ab·
