1801 3066
471 157 553 214 568

472 247 517 302 13.
550 275 587 306 1.
617 261 754 314 p.53.)
783 261 968 300 Taeniae
997 262 1168 299 caninae
1198 260 1330 299 ovulis
1361 265 1452 309 (aut
1472 265 1612 314 potius
1643 279 1740 305 ova-

472 343 562 389 riis)
589 353 668 390 per
694 336 988 380 vulnusculum
1018 337 1143 375 catuli
1167 336 1387 376 abdomini
1404 336 1742 389 immissis,'Tae-

472 416 607 455 niolas
638 415 800 467 aliquot
826 415 926 453 inde
965 423 1106 452 enatas
1145 417 1386 452 tenerrimas
1401 437 1435 461 ,»
1459 418 1523 454 vix
1549 416 1741 468 ⁴pollica-

472 506 539 532 res
568 505 713 531 mense
750 491 894 543 elapso
933 493 1043 529 inter
1080 492 1275 528 intestina
1302 493 1467 542 reperit.
1504 492 1744 544 =Ejusmodi

473 556 779 623 experimenta,
824 581 933 620 quae
969 576 1217 620 repetantur
1264 577 1304 605 et
1338 569 1573 615 varientur,
1618 569 1744 622 digna

470 657 582 701 sunt,
609 655 670 694 ut,
702 657 925 698 quousque
943 647 1147 684 vermium
1177 645 1502 683 communicatio
1528 645 1741 695 succedat,

472 727 745 775 experiamur.
1543 702 1553 709 ν

577 800 837 837 Sententiam
867 799 1052 851 denique
1083 784 1254 836 alteram
1272 826 1284 844 ‚
1323 799 1439 849 cujus
1468 812 1595 850 supra
1623 811 1740 837 men-

471 880 629 916 tionem
658 875 761 920 Feci,
794 890 954 939 vermes
982 877 1184 913 nimirum
1217 877 1347 913 cuivis
1378 875 1619 913 animalium
1648 888 1742 926 spe-

472 957 549 994 ciei
579 963 650 992 aut
675 953 822 992 saltem
859 936 1033 1007 generi,
1074 954 1270 1003 proprios
1314 964 1423 999 esse,
1467 953 1741 1001 maximesre-

471 1031 757 1085 stringendam
787 1029 912 1068 duco.
969 1030 1208 1082 Systematis
1237 1029 1469 1066 Linnaeani
1497 1028 1636 1067 editor
1662 1040 1740 1065 no-

468 1110 654 1147 vissimus
685 1107 822 1145 eidem
851 1116 962 1144 extra
990 1106 1168 1144 modum
1190 1106 1395 1152 favendo,
1427 1107 1584 1157 species
1615 1105 1768 1142 nimis‘

471 1184 719 1232 cumulavit,
767 1183 898 1235 quid?
943 1183 1058 1234 quod
1100 1182 1280 1220 eandem
1310 1165 1488 1220 auctoris
1520 1180 1738 1232 cujusdam

468 1265 639 1300 iconem
682 1258 749 1298 vel
793 1259 1120 1309 descriptionem
1169 1258 1223 1295 ad
1258 1252 1400 1308 plures
1438 1269 1564 1309 saepe
1599 1256 1740 1294 retulit

467 1349 650 1382 vermes,
687 1334 859 1391 quando
899 1335 952 1373 de
994 1336 1120 1373 unico
1159 1341 1323 1378 tantum
1361 1335 1406 1371 in
1444 1336 1564 1372 variis
1599 1320 1740 1384 hospi-

468 1422 584 1451 tante
613 1411 861 1450 animalibus
892 1423 1031 1449 sermo
1063 1418 1165 1449 erat.
1219 1410 1261 1447 Si
1296 1408 1540 1464 hypothesis
1568 1421 1667 1448 vero
1695 1410 1740 1447 in

466 1491 589 1530 rebus
627 1489 808 1543 physicis
848 1491 951 1527 tanti
988 1486 1167 1545 habetur
1203 1488 1431 1538 ponderis,
1469 1497 1515 1525 ut
1543 1478 1740 1525 observa-

467 1570 603 1605 tiones
635 1569 675 1604 ei
704 1565 874 1614 cedant,
906 1566 961 1603 de
987 1567 1158 1603 scientia
1185 1564 1343 1602 factum
1372 1572 1454 1611 est,
1485 1572 1526 1600 et
1556 1563 1737 1614 ejusmo-

468 1643 511 1681 di
526 1640 780 1695 hypotheses
809 1655 903 1679 cum
925 1638 1280 1692 philosophorum
1307 1640 1621 1677 neotericorum
1649 1652 1740 1692 my-

465 1719 670 1764 sticismo,
699 1717 886 1756 medicos
916 1730 1092 1770 quoque
1122 1725 1162 1754 et
1190 1726 1366 1754 naturae
1391 1704 1646 1753 scrutatores
1674 1715 1738 1764 ju-

464 1796 605 1833 niores
633 1795 845 1844 rapiente,
884 1796 1099 1845 antiquam
1130 1792 1388 1839 barbariem,
1430 1790 1738 1843 caliginemque

466 1869 776 1919 scholasticam,
804 1870 1030 1908 Baconis
1061 1869 1123 1908 de
1152 1860 1503 1914 Verulamio,
1534 1868 1739 1904 virorum-

466 1960 548 2000 que
577 1958 838 1985 summorum
876 1948 962 1998 ejus
1002 1948 1174 2000 vestigia
1211 1946 1490 1996 prementium
1531 1956 1666 1995 opera
1696 1950 1738 1980 et

466 2023 604 2062 studio
647 2023 819 2061 tandem
870 2023 1098 2062 discussam
1159 2031 1200 2061 et
1241 2020 1447 2061 sublatam
1467 2048 1481 2069 ,
1531 2020 1738 2057 xcitissime

464 2100 684 2138 reducent.
844 2084 846 2086 Ι

545 2175 893 2222 Schrankius‚
931 2175 1008 2213 Vir
1035 2175 1111 2215 cel.
1150 2174 1273 2227 (Bibl.
1307 2187 1350 2217 n.
1375 2174 1456 2226 78.)
1483 2172 1735 2211 sententiam

466 2254 624 2292 dictam
653 2245 905 2306 argumentis
936 2252 1181 2291 confirmare
1219 2261 1416 2296 conatur;
1446 2249 1646 2293 humores
1673 2249 1736 2285 nia

464 2333 619 2368 mirum
629 2331 672 2368 in
684 2328 870 2381 partibus
891 2330 1059 2367 diversis
1079 2339 1300 2380 tantopere
1320 2327 1489 2366 differre
1507 2333 1667 2373 monet,
1688 2331 1736 2362 ut

465 2408 613 2446 eadem
642 2405 891 2444 animalcula
918 2408 965 2443 iis
993 2406 1140 2443 nutriri
1167 2416 1403 2457 nequeant3
1441 2402 1634 2442 animalia
1665 2400 1736 2439 de-

462 2487 594 2536 nique
622 2485 832 2535 sanguinis
862 2482 986 2520 calidi
1029 2491 1069 2520 et
1106 2482 1270 2535 frigidi,
1324 2480 1473 2531 eadem
1510 2490 1641 2531 porro
1669 2476 1736 2515 vel

1206 2547 1209 2554 Χ
1603 2554 1734 2592 cami·
1769 2574 1772 2577 v
