1801 3066
462 172 547 225 526
587 198 589 201 -
1004 208 1025 224 Ι

463 286 658 332 veribus,
706 282 806 321 cibis
840 285 962 322 variis
992 284 1363 335 putrescentibus,
1408 296 1450 325 et
1484 301 1596 341 quae
1626 292 1732 342 ejus-

464 363 586 404 modi
605 370 702 400 sunt
721 358 909 412 reliqua,
939 361 1111 413 degunt,
1141 362 1186 397 in
1208 362 1441 401 ventriculo
1461 363 1607 417 itaque
1631 345 1757 418 pro-l

465 443 636 487 venire,
672 451 761 476 non
787 439 940 475 mirum
970 446 1052 481 est;
1088 437 1203 475 idem
1232 452 1335 478 vero
1378 440 1432 478 de
1461 426 1731 495 Staphylinis‚

464 516 664 564 cambis,
692 513 963 553 Tenebrione
990 512 1208 562 Molitore,
1238 514 1412 568 aliisque
1441 519 1607 555 insectis
1634 531 1732 569 per-

466 597 587 635 fectis
615 591 739 638 valet,
769 589 930 627 ibidem
954 592 1152 641 sepertis.

545 647 839 723 Quandoque,
868 666 966 704 licet
993 669 1152 714 larius,
1190 669 1450 706 insectorum
1479 668 1626 707 talium
1652 682 1730 708 nu·-

464 761 604 788 merus
644 756 771 782 unico
809 745 854 779 in
893 754 1070 796 aegroto
1112 747 1259 797 ingens
1300 756 1341 783 et
1379 743 1617 785 horrendus
1649 754 1730 788 est:

465 823 745 862 celeberrimo
791 821 933 870 itaque
977 819 1142 857 Acrel
1178 820 1307 871 (Bibl.
1345 835 1383 859 n.
1424 822 1540 873 612.)
1591 835 1731 869 casum
1764 868 1767 871 Ι

466 898 672 951 ejusmodi
691 898 868 933 maxime
887 894 1207 934 memorabilem
1228 897 1320 935 fuse
1342 897 1613 947 describenti,
1641 898 1732 942 Sta-

463 975 660 1031 phylinos
692 984 733 1012 et
761 971 907 1011 similia
936 974 1028 1023 ipso
1057 974 1102 1010 in
1129 974 1362 1012 ventriculo
1391 976 1638 1029 propagari,
1667 973 1730 1013 lu-

462 1053 615 1103 benter
642 1049 844 1089 concedO.
886 1049 1069 1102 Aegram
1094 1051 1219 1097 enim,
1249 1063 1357 1101 quae
1387 1051 1594 1089 ducentos
1615 1064 1730 1100 sexa-

465 1134 580 1184 ginta
610 1139 691 1166 tres
720 1124 988 1179 Staphylinos
1020 1125 1247 1176 dejecerat,
1276 1124 1353 1164 hos
1383 1125 1569 1179 singulos
1595 1126 1731 1166 larva-

463 1220 560 1245 rum
588 1202 662 1241 sub
691 1201 829 1240 forma
869 1203 1121 1238 extrinsecus
1161 1204 1394 1251 recepisse,
1435 1202 1612 1242 credere
1639 1216 1729 1241 non
1786 1199 1796 1203 ’

462 1282 577 1328 licet,
598 1293 677 1317 nec
707 1278 760 1316 ad
781 1279 1103 1331 generationem
1132 1286 1410 1327 spontaneam
1428 1262 1752 1330 refugiendum*

451 1369 542 1407 est,
574 1337 674 1395 dum
704 1353 785 1392 alia
812 1363 1043 1405 proventus
1073 1354 1182 1390 ratio
1213 1353 1374 1390 admitti
1403 1356 1543 1405 queat.

544 1437 588 1475 C,
646 1430 776 1472 Mala
804 1443 930 1480 saepe
969 1443 1133 1468 summa
1170 1431 1290 1468 cient.
1360 1429 1555 1477 Homini,
1601 1444 1729 1483 quem

466 1524 662 1568 aggressa
689 1511 795 1556 sint,
825 1505 975 1553 aliena,
1003 1507 1046 1543 in
1076 1505 1262 1557 ejusdem
1291 1504 1465 1557 quidem
1493 1506 1727 1551 ventriculo

464 1595 594 1631 vitam
622 1583 788 1626 trahere
817 1591 1023 1635 possunt,
1052 1584 1206 1620 minori
1235 1592 1375 1620 tamen
1402 1580 1612 1632 libertate,
1639 1583 1727 1622 for·

464 1682 540 1709 san
583 1668 707 1704 etiam
755 1658 914 1712 pabulo
953 1672 1081 1710 saepe
1122 1661 1260 1697 minus
1303 1671 1495 1711 congruo
1536 1669 1725 1708 utuntur,

464 1746 650 1795 ideoque
685 1747 823 1776 motus
862 1734 1004 1787 plures
1043 1744 1085 1773 et
1120 1736 1308 1787 ingratos
1339 1734 1493 1782 edunt,
1540 1721 1726 1775 fortassis

465 1826 591 1861 etiam
618 1813 898 1855 ventriculum
926 1815 1063 1863 ipsum
1090 1810 1260 1848 rodunt.
1296 1809 1419 1847 Huc
1447 1810 1581 1858 adde,
1619 1809 1726 1851 hanc

463 1907 629 1952 partem
670 1896 714 1930 in
748 1890 927 1928 hominis
967 1896 1077 1927 statu
1114 1874 1297 1924 naturali
1336 1884 1386 1923 ab
1418 1885 1610 1925 omnibus
1639 1898 1725 1926 tam

407 1997 409 1999 ·
461 1971 674 2014 vermibus
705 1982 830 2020 quam
858 1969 1024 2004 insectis
1052 1963 1247 2011 liberum,
1279 1961 1598 2015 eorundemque
1627 1977 1720 2002 eam

463 2052 519 2092 ob
559 2060 745 2087 caussam
783 2043 1192 2094 impatientissimum
1229 2051 1339 2086 esse,
1380 2048 1427 2077 ut
1466 2037 1640 2077 dolores
1681 2048 1723 2077 et

464 2127 617 2180 spasmi
645 2124 747 2161 varii
762 2130 802 2159 et
822 2129 1128 2169 nonnunquam
1149 2117 1326 2154 maxime
1349 2116 1428 2154 diri
1451 2115 1600 2154 eadem
1620 2128 1720 2153 con-

464 2206 726 2244 comitentur.
773 2195 1030 2247 Plerumque
1061 2195 1183 2231 etiam
1211 2192 1379 2229 nonnisi
1398 2194 1444 2230 in
1467 2190 1719 2243 corporibus

461 2280 571 2320 male
611 2277 800 2323 nutritis,
857 2270 1101 2310 cachecticis
1140 2279 1181 2307 et
1217 2267 1429 2328 hystericis
1477 2277 1718 2333 occurrunt,
1755 2261 1758 2263 ’

461 2357 578 2396 unde
606 2351 716 2391 mala
745 2359 977 2404 augentur;
1006 2350 1050 2384 in
1088 2343 1328 2383 hominibus
1365 2342 1569 2392 robustis,
1612 2357 1719 2396 quo-

461 2447 555 2472 rum
583 2441 722 2468 motus
745 2441 839 2480 peri
828 2424 1022 2464 istalticus
1048 2432 1088 2461 et
1110 2422 1177 2473 dig
1157 2424 1286 2460 vestio
1309 2423 1540 2474 generatim
1549 2422 1716 2472 vigent,

459 2523 539 2548 nec
566 2520 710 2545 mucus
740 2503 949 2550 abundat,
984 2502 1056 2554 qui
1085 2499 1183 2539 cibas
1214 2501 1429 2550 eupeptis,
1466 2498 1717 2562 spirituosis-
