1801 3066
456 164 537 216 426

456 271 536 311 bos
563 273 746 323 proprio
777 271 969 311 examine
996 273 1166 311 novisse
1204 270 1314 310 nulli
1343 271 1608 309 concedatur
1631 282 1719 314 me-

457 335 572 397 dico,
602 347 669 386 vel
696 357 917 387 nestoreos
947 361 1082 386 annos
1108 358 1367 396 assecutum,
1399 345 1572 399 quando
1596 335 1719 386 theo-

455 426 544 462 riae
575 423 784 477 generalis
805 424 1033 462 struendae
1059 425 1220 461 animus
1243 432 1319 471 est,
1349 421 1590 461 animalium
1609 420 1720 460 mala

457 497 600 539 affinia
629 499 778 539 sedulo
809 500 1096 551 comparanda
1123 509 1233 538 sunt.
1288 499 1405 536 Haec
1434 507 1496 536 est
1521 496 1721 550 patholo-

454 578 550 630 gine
589 585 857 627 comparatae
892 576 1072 624 utilitas,
1117 574 1268 613 nullibi
1302 576 1435 626 magis
1474 575 1719 625 conSPicua,

455 665 596 704 eoque
615 655 764 703 major,
785 664 870 703 quo
891 650 1052 689 facilius
1073 650 1294 688 brutorum
1315 649 1592 687 dissectiones
1610 648 1719 686 mul-

455 727 638 779 tiplicari
666 730 844 778 possint.
899 729 992 766 Huc
1021 728 1157 775 adde,
1193 725 1386 765 homines
1422 738 1547 764 sanos
1577 734 1620 763 et
1646 737 1717 762 ve-

456 813 578 855 getos
608 805 740 840 rarius
771 817 896 854 quam
922 803 1076 842 morbo
1106 806 1313 856 senioque
1334 802 1552 841 confectos
1582 799 1719 838 cultro

455 881 698 916 anatomia-0
729 876 901 928 subjici,
940 879 1137 918 animalia
1165 889 1304 918 autem
1339 877 1536 916 libertate
1564 877 1720 930 gavisa,

461 966 544 991 nec
579 953 739 995 morbis
776 954 934 1003 fracta,
983 969 1077 994 cum
1115 955 1357 993 domesticis
1389 962 1431 991 et
1463 952 1523 991 lui
1553 951 1721 991 cuidam

458 1029 851 1078 succumbentibus,
881 1033 1029 1083 quovis
1061 1041 1278 1082 tempore,
1317 1030 1575 1089 dissectione
1601 1028 1721 1065 insti-

454 1114 544 1143 tuta
576 1105 811 1156 comparari
837 1119 979 1157 posse,
1009 1120 1094 1159 quo
1123 1107 1327 1157 judicium
1348 1104 1431 1143 tait
1449 1105 1503 1143 de
1530 1117 1581 1143 re
1608 1101 1722 1141 exhi-¹

454 1179 643 1217 bendum
685 1181 886 1219 facillime
924 1182 1157 1229 reddatur,
1204 1184 1454 1233 oriaturque
1491 1177 1719 1226 certitudo,

453 1265 659 1307 quatenus
689 1258 734 1294 in
761 1255 944 1309 physicis
975 1259 1078 1295 oriri
1105 1259 1264 1308 possit,
1292 1269 1467 1295 summa.

560 1331 714 1370 Omnia
745 1346 847 1386 ergo
876 1331 1174 1384 phaenomena
1203 1345 1312 1386 quae
1336 1344 1500 1371 vermes
1529 1339 1615 1368 tam
1642 1326 1719 1365 hu-

449 1419 596 1445 manos
627 1421 752 1459 quam
785 1408 1003 1447 brutorum
1032 1411 1397 1457 concomitentur,
1426 1406 1718 1445 attente‘con-

449 1482 666 1533 templati,
711 1494 754 1522 et
789 1498 811 1522 a
848 1484 1099 1536 specialibus
1137 1485 1193 1523 ad
1229 1482 1446 1538 generalia
1484 1482 1718 1535 progressi,

451 1556 727 1597 affectionum
753 1563 1087 1599 verminosarum
1125 1569 1211 1598 tam
1237 1559 1439 1598 localium
1467 1571 1593 1612 quam
1621 1556 1717 1594 uni-

448 1634 673 1673 versalium
699 1645 892 1675 naturam
921 1637 1150 1688 exposituri
1179 1647 1332 1674 sumus.

1012 1787 1046 1833 §.
1102 1797 1138 1823 2.

658 1884 1095 1925 Incescinoram
1135 1881 1506 1941 perforatio.

559 2005 713 2043 Omnia
741 2008 853 2044 inter
889 2005 999 2044 mala
1029 2007 1173 2057 topica
1201 2005 1253 2044 ab
1280 2004 1483 2047 Entozois
1514 2001 1716 2048 derivata,

448 2077 533 2115 hoc
559 2078 899 2132 frequentissime
927 2083 1202 2130 nominatur,
1233 2093 1434 2132 casusque
1463 2077 1532 2117 vel
1557 2077 1716 2116 ventri-

450 2154 534 2192 culi
560 2155 628 2193 vel
654 2157 967 2205 intestinorum,
996 2167 1080 2195 tam
1101 2159 1290 2213 tenuium
1312 2169 1437 2208 quam
1461 2164 1713 2199 crassorum,

447 2230 763 2281 perforatorum
792 2246 815 2270 a
848 2232 1025 2270 medicis
1053 2232 1144 2271 fere
1178 2233 1391 2270 innumeri
1430 2229 1713 2276 adducuntur,

451 2320 633 2358 quorum
662 2311 705 2346 in
733 2306 1024 2346 Bibliothecae
1060 2318 1161 2346 sect.
1189 2307 1301 2346 Vm.
1329 2307 1406 2347 litt.
1435 2321 1476 2360 q.
1503 2319 1546 2345 n.
1573 2309 1713 2357 499—-

447 2386 540 2426 520.
569 2383 773 2422 selectum
800 2383 914 2422 dedi.
970 2385 1216 2423 Generatim
1236 2393 1430 2431 summm,
1455 2382 1713 2435 perf0ratio-
1746 2416 1747 2421 ,

451 2471 553 2497 nem
581 2460 754 2512 quidem
780 2462 927 2514 negari
953 2473 1042 2498 non
1068 2473 1218 2511 posse,
1248 2468 1454 2513 quatenus
1483 2472 1508 2496 a
1534 2459 1710 2498 medicis
