1801 3066
1218 180 1296 222 555

36 296 184 322 eorum
214 278 281 321 vel
308 280 444 319 foetus
473 280 586 317 vivos
615 277 757 314 omnia
784 287 862 326 per
885 279 1052 319 volvam
1087 291 1212 332 partu
1238 284 1296 323 le-

31 363 174 414 gitimo
206 358 337 397 emitti
362 367 507 406 posse,
552 352 618 390 vel
652 351 763 390 hunc
796 364 963 404 semper
998 356 1194 396 accedere
1230 358 1296 397 vix

33 445 202 482 statuas,
230 437 287 472 ita
313 440 361 469 ut
389 431 619 468 Goezius
651 428 935 481 (Naturgesch.
962 443 1005 481 p.
1039 432 1113 479 11.)
1140 434 1297 472 Ascari-

34 512 106 551 des
137 525 213 550 ova
240 521 330 548 non
359 505 586 558 deponere,
615 506 688 544 sed
718 505 917 556 disrumpi
947 515 988 543 et
1023 510 1171 545 ovariis
1200 523 1295 547 exo-

31 589 182 626 neratis
219 586 359 637 perire
397 585 684 621 autumaverit.
739 581 832 632 Ipse
861 589 1002 619 tamen
1038 585 1083 621 in
1109 583 1295 622 Ascari-

34 661 90 699 a'e
119 662 326 715 anguillae
354 659 530 697 labz'aca
559 658 658 697 mihi
696 658 807 696 dicta
844 657 966 696 ovula
1000 671 1078 709 per
1114 660 1293 706 volvam,

32 751 171 776 verme
198 738 377 790 integro,
409 735 570 773 effundi
598 735 703 781 vidi,
740 733 815 773 sed
851 736 1022 772 unicum
1049 736 1128 773 fuit
1159 750 1295 776 exem·

32 814 165 865 plum,
194 827 272 852 nec
301 811 519 852 Camil-lani
545 820 738 862 partum,
766 813 845 849 nisi
883 814 1031 852 oven-iis
1067 813 1292 866 prolapsis,

34 889 208 936 absolvi,
236 901 423 942 unquam
460 887 556 926 vidi.
613 888 704 926 Alia
744 901 917 940 quoque
952 889 1162 936 Entozoa,
1199 902 1294 932 cute

30 978 120 1005 non
149 966 359 1018 dIsrupta,
386 974 485 1018 post
510 974 678 1016 partum
717 973 856 1003 tamen
887 967 1064 1003 immota
1101 976 1141 1003 et
1182 981 1294 1006 mor-

30 1052 104 1082 tua
149 1044 405 1097 observatur,
452 1041 571 1095 quod
613 1042 858 1092 praesertim
894 1042 939 1079 in
965 1040 1293 1083 Trematodibus

30 1120 170 1158 videre
198 1127 274 1166 est,
304 1128 345 1157 et
363 1101 705 1170 fflphistomatis
730 1118 893 1155 cornuti
913 1121 1075 1166 ovaria,
1089 1118 1186 1157 ‘cute
1203 1134 1292 1160 non

31 1198 239 1248 disrupta,
268 1202 408 1234 tamen
436 1193 713 1233 eliminantur.

109 1273 202 1310 Huc
231 1272 391 1310 accedit
415 1270 695 1323 plurimorum
723 1268 964 1309 animalium
999 1283 1158 1313 vermes
1186 1287 1292 1314 non·

31 1351 110 1388 nisi
136 1356 255 1386 stato
284 1355 493 1399 tempore,
521 1344 768 1383 Ascurida-s
795 1359 831 1384 v.
860 1361 892 1385 c.
920 1351 1141 1396 ranarum,
1169 1364 1294 1402 prae-

33 1427 174 1464 sertim
201 1426 340 1475 primo
368 1434 487 1466 vere3
516 1421 703 1472 Ligulas
728 1424 905 1473 piscium
929 1434 1103 1469 aestate3
1131 1427 1292 1464 Mono-

30 1510 173 1539 stoma
201 1500 342 1551 talpae
371 1506 619 1543 ocreatum,
647 1497 851 1536 Zedero
891 1500 1054 1548 (Ex-ster
1080 1500 1292 1558 Nachtrag

28 1591 70 1630 p.
104 1581 205 1626 152.)
235 1575 482 1613 observante
511 1582 710 1610 autumno
738 1573 1022 1625 frequentius,
1052 1579 1185 1617 rarius
1213 1579 1289 1617 sub

29 1653 195 1706 hyeme,
224 1649 362 1689 adhuc
388 1652 521 1688 minus
549 1662 647 1687 vere
677 1658 719 1688 et
756 1662 973 1702 nunquam
1020 1664 1178 1692 aestate
1219 1668 1292 1694 oc·

0 1750 5 1753 —
31 1740 215 1772 currere;
250 1726 440 1766 Filarias
465 1729 510 1764 in
539 1728 670 1773 erucis
699 1725 764 1764 vel
791 1728 955 1764 insectis
986 1725 1097 1767 brevi
1134 1734 1291 1783 peritu-

29 1807 83 1843 ris
111 1794 271 1851 vivere,
309 1804 532 1854 aviumque
567 1801 706 1854 pullos
733 1804 997 1853 potissimum
1021 1806 1290 1846 -Discomaca

32 1880 246 1933 quaedam
272 1878 433 1924 fovere,
462 1887 511 1916 ut
536 1880 661 1916 vitam
688 1881 890 1916 vermium
918 1879 1197 1930 plurimorum
1226 1884 1290 1922 su-

30 1958 302 2012 gflcissimam,
330 1967 410 1992 nec
440 1955 609 1993 eosdem
628 1963 770 2006 partus
798 1954 936 2006 plures
958 1956 1172 1996 absolvere
1189 1973 1290 2010 pos-

0 2080 3 2083 ι
32 2048 90 2080 se,
119 2044 282 2071 summo
301 2033 388 2082 jure
412 2032 600 2080 dixerim,
627 2034 660 2069 si
683 2034 793 2069 enim
813 2030 1005 2086 longaevi
1025 2032 1175 2083 Forent,
1191 2037 1290 2075 'nul-

29 2109 73 2148 lo
102 2122 190 2147 non
217 2118 410 2159 tempore
436 2109 480 2145 in
509 2107 755 2146 animalibus
784 2119 1062 2148 occurrerent.

109 2185 282 2223 Vermes
313 2184 508 2237 equidem
536 2179 707 2236 plurimi
733 2187 777 2222 in
798 2197 976 2236 corpore
999 2188 1286 2236 animantium,

33 2261 151 2314 quod
177 2259 419 2310 inhabitant,
446 2270 626 2299 mortem
654 2260 845 2308 subeunt,
873 2263 1112 2315 mortuique
1132 2264 1199 2302 vel
1225 2267 1288 2304 in·

33 2339 136 2389 tegri
163 2333 226 2373 vel
252 2332 433 2383 lacerati,
461 2337 527 2376 vel
556 2336 796 2392 digestionis
824 2339 864 2376 vi
890 2339 935 2376 in
961 2340 1287 2380 mucum‘soluti

32 2413 295 2462 dejiciuntur,
322 2412 515 2451 nonnulli
540 2423 706 2461 tamen,
745 2423 858 2454 extra
895 2413 1044 2453 tubum
1085 2414 1287 2454 cibarium

33 2488 241 2543 degentes,
268 2482 462 2528 Filariae
487 2489 641 2529 scilicet
666 2491 896 2530 nonnullae
932 2500 974 2529 et
998 2492 1176 2543 piscium
1211 2491 1286 2530 Li-

1763 1780 1779 1850 .<f⁴
