1801 3066
463 162 544 208 504

461 266 680 311 videntum
727 265 925 304 oriuntur
951 264 1153 304 nimirum
1180 265 1248 305 vel
1290 268 1326 320 1)
1356 281 1405 306 ex
1433 270 1532 321 ipsis
1560 271 1733 312 forami—

463 344 586 384 nibus
623 340 948 395 marginalibus,
993 341 1113 392 quod
1139 336 1476 397 vulgatissimum
1506 355 1591 396 est,
1631 362 1669 387 v.
1699 363 1732 389 c,

466 435 601 460 cornu
631 419 706 458 sub
735 420 875 470 specie
903 420 947 455 in
983 418 1159 455 Taenia
1188 418 1307 460 bovis
1334 420 1638 468 denticulata
1666 423 1735 463 vel

465 496 650 552 papillae
678 497 723 534 in
755 496 794 532 T.
827 507 1053 549 expansa,
1096 497 1211 544 ovis,
1250 496 1318 535 vel
1346 497 1485 538 tubuli
1512 500 1557 537 in
1588 500 1632 538 T.
1652 488 1737 538 'an-

466 577 568 614 seris
604 572 866 612 lanceolam
903 583 945 611 et
985 572 1028 610 T.
1068 574 1197 611 Corvi
1227 574 1409 612 Coronis
1444 574 1618 614 Undula
1658 574 1736 627 (his

467 650 628 708 duabus
659 663 708 688 ex
736 649 929 687 Goezii
958 647 1296 700 observatione);
1340 660 1412 689 aut
1449 652 1489 702 2)
1516 653 1607 703 ipse
1636 654 1736 690 arti-

464 727 657 767 culorum
686 737 833 778 margo
866 726 911 762 in
939 723 1136 763 tubulum
1160 736 1362 775 setosum,
1390 726 1458 766 vel
1478 737 1734 778 truncatum,

463 808 587 856 inKT,
617 805 770 842 anseris
801 803 1017 852 setigera,
1046 801 1114 840 vel
1144 812 1314 840 acutum
1342 804 1388 841 in
1421 804 1464 842 T.
1497 804 1620 842 otidis
1650 805 1736 842 vil.

465 886 564 924 losa
602 880 708 923 abit;
767 886 837 916 aut
877 881 923 926 5)
962 877 1154 915 lemnisci
1195 892 1244 917 ex
1280 879 1415 918 latere
1455 880 1735 931 articulorum

464 959 594 1014 plano
626 963 869 1008 emergunt,
903 952 1046 1005 quales
1078 954 1316 994 Goezius
1348 958 1547 1011 <Naum-gg
1574 971 1618 1009 p.
1641 957 1733 998 560.

462 1036 568 1077 Tab.
597 1030 774 1074 XXVII.
804 1031 889 1083 Fig.
920 1030 972 1082 6.)
1009 1031 1054 1068 in
1093 1030 1233 1082 talpae
1276 1034 1317 1071 T.
1336 1034 1628 1085 filamentosa
1658 1033 1735 1072 ob-

465 1114 667 1173 servavit,
704 1121 911 1163 quorsum
941 1108 1066 1144 etiam
1099 1108 1140 1144 Ὶῖ
1169 1108 1270 1145 laea
1295 1113 1495 1161 pertinet,
1526 1111 1639 1161 cujus
1668 1109 1735 1147 fo-

465 1192 627 1230 ramina
644 1184 834 1224 lateralia
852 1182 1031 1234 papillas
1054 1185 1260 1237 emittunt.
1300 1185 1457 1223 Omnes
1477 1187 1545 1223 isti
1563 1185 1734 1224 lemnis-

464 1271 502 1307 ci
528 1279 631 1304 num
663 1260 849 1315 ejusdem
876 1273 974 1297 usus
1004 1262 1105 1308 sint,
1147 1259 1323 1298 dubium
1353 1264 1459 1299 oriri
1487 1273 1656 1313 posset,
1686 1273 1734 1301 ut

464 1342 636 1391 tubulis,
664 1336 846 1391 papillis,
877 1333 1128 1374 cornibusve
1158 1350 1208 1374 ex
1234 1337 1543 1388 posterioribus
1571 1331 1734 1377 tantuin
1773 1386 1774 1389 Ἰ

466 1432 507 1462 et
550 1416 702 1458 adultis
746 1410 928 1453 articulis
961 1411 1252 1462 exsertilibus,
1293 1424 1376 1452 nec
1404 1427 1573 1466 semper
1603 1429 1736 1467 appa-

465 1496 656 1539 rentibus
687 1491 831 1539 aliam,
863 1503 910 1528 ac
938 1491 1138 1542 marginis
1166 1492 1295 1542 ipsius
1323 1490 1535 1530 lemniscis
1567 1505 1735 1543 semper

467 1586 509 1616 et
546 1577 590 1614 in
628 1566 910 1610 anterioribus
948 1578 1123 1618 quoque
1154 1568 1323 1604 exsertis
1353 1570 1407 1619 (v.
1438 1578 1475 1607 cg
1506 1562 1551 1605 T.
1579 1570 1735 1618 setige-

467 1665 549 1691 rae
579 1659 621 1688 et
650 1645 880 1697 villosae),
919 1651 1105 1694 spartam
1134 1641 1414 1694 designando,
1443 1642 1538 1681 illos
1569 1646 1731 1696 genita-

463 1729 568 1769 lium
595 1719 904 1767 masculorum,
946 1731 1021 1757 seu
1051 1720 1258 1756 cii-rorum
1285 1719 1470 1769 vicibus,
1509 1721 1732 1757 Tremato-

466 1806 570 1845 dum
596 1813 741 1844 more,
771 1796 915 1849 fungi,
958 1792 1030 1832 has
1061 1805 1200 1832 autem
1228 1796 1427 1847 marginis
1458 1793 1730 1834 solummodo

466 1895 557 1923 esse
595 1876 864 1921 eminentias,
904 1874 1272 1923 pronuntiaveris:
1320 1871 1395 1909 sed
1435 1884 1582 1909 omnes
1620 1873 1732 1910 inter

464 1967 699 2001 structurae
729 1949 959 1990 similitudo
987 1950 1117 1986 nimia
1145 1947 1322 1995 obtinet,
1354 1957 1396 1985 et
1424 1961 1534 2000 quae
1562 1959 1730 1999 semper

463 2036 511 2076 iis
539 2038 766 2073 instructae
796 2035 999 2079 apparent
1027 2024 1228 2072 Taeniae,
1258 2023 1438 2074 copulae
1460 2024 1605 2063 forsan
1624 2034 1730 2062 tem-

464 2126 572 2167 pore
600 2104 870 2149 solummodo
900 2110 1098 2153 repertae
1128 2111 1235 2147 sunt,
1266 2111 1337 2139 aut
1365 2100 1415 2138 ab
1447 2099 1534 2138 aliis
1557 2099 1728 2154 quibus-

466 2204 563 2231 cum
589 2185 862 2226 inveniuntur
876 2180 1060 2235 Taeniis?
1091 2177 1147 2216 ob
1172 2187 1278 2216 setas
1309 2186 1350 2214 et
1376 2175 1497 2214 villos
1527 2176 1726 2216 deficien-

467 2277 528 2307 tes
558 2263 701 2320 quecie
729 2260 943 2311 separatis,
970 2257 1140 2293 nonnisi
1169 2251 1420 2307 genitalibus
1445 2255 1614 2291 exsertis
1646 2253 1725 2291 dif-

465 2344 629 2389 ferunt,
671 2347 718 2376 ut
755 2340 800 2375 in
837 2333 896 2373 his
936 2344 1109 2386 quoque
1147 2343 1237 2368 non
1272 2343 1441 2380 semper
1472 2331 1723 2368 emittantur.

465 2421 533 2458 Sic
560 2432 596 2458 v.
619 2431 652 2455 c,
680 2427 785 2452 num
816 2409 982 2450 Taenia
997 2408 1295 2459 filamencosa
1316 2407 1396 2445 Go
1412 2407 1519 2444 ezii
1547 2404 1597 2444 ab
1620 2409 1724 2458 ejus·

468 2496 567 2536 dem
598 2494 641 2532 T.
671 2488 905 2537 bmz‘llari,
947 2496 1056 2539 quae
1083 2493 1264 2535 utraque
1293 2484 1337 2520 in
1366 2481 1480 2533 talpa
1490 2510 1504 2533 ,
1545 2491 1648 2521 num
1680 2482 1723 2519 'L

1568 2557 1726 2598 villosa
