1801 3066
1265 156 1339 195 311

84 255 272 294 undatim
301 264 342 293 et
369 252 445 293 sub
475 252 718 291 ovariorum
741 247 928 306 motibus
960 251 1162 301 edantur,
1190 250 1339 293 horum

42 334 52 337 ⁷*
82 334 190 371 actio
222 333 394 369 omnino
422 331 466 365 in
495 334 742 376 computum
769 325 908 371 venit,
950 337 1185 380 eorumque
1214 328 1342 367 fabri-

82 421 172 446 cam
209 405 409 444 fibrosam
446 404 491 440 in
521 403 626 453 Cap.
654 399 941 452 praecedente
972 399 1185 452 descripsi.
1241 407 1342 445 Non

82 494 143 523 est
171 493 324 528 tamen,
353 477 473 531 quod
499 479 651 516 vermis
680 477 811 528 ipsius
841 478 937 514 cute
965 475 1191 515 musculari
1219 494 1342 530 prae-

80 558 153 596 diti
192 557 402 594 actionem
430 557 474 593 in
499 563 625 606 partu
651 550 832 591 naturali
861 552 1024 588 minimi
1052 550 1203 601 facias,
1243 567 1342 594 narn

82 645 133 670 ex
159 630 251 670 sola
279 629 398 682 hujus
426 629 494 668 vel
521 629 629 667 illius
666 628 860 680 corporis
896 629 1024 678 partis
1067 631 1341 668 contorsione

79 717 150 745 aut.
179 709 493 758 compressione
520 707 603 745 vim
631 696 677 742 in
705 705 849 743 ovaria
878 701 1067 750 exhiberi
1093 702 1188 743 luce
1216 707 1341 743 meri-

81 782 206 820 diana
235 781 386 821 clarius
416 791 487 820 est.

154 859 221 897 De
248 858 492 897 Ascaridum
522 856 683 909 aliquot
712 856 845 896 ovulis
876 859 986 895 circa
1006 856 1340 910 magnitudinem

78 950 172 974 cum
200 937 409 989 sanguinis
440 933 621 987 globulis
651 935 904 985 comparatis
925 931 1073 987 hisque
1093 932 1229 971 multo
1252 946 1341 971 ma—

75 1012 229 1065 joribus
256 1014 302 1051 in
329 1012 431 1063 Cap.
460 1009 611 1050 XVIII.
640 1012 672 1060 §.
701 1011 738 1050 5.
770 1011 847 1063 egi.

641 1150 674 1199 §-
729 1161 769 1187 2.-

362 1221 1054 1283 Acarzchoceplzalorum.

155 1319 299 1357 Coitus
339 1318 413 1368 qui
449 1319 494 1354 in
529 1304 910 1367 Acanthocephalis
949 1315 1043 1363 fiat,
1087 1326 1173 1354 tam
1211 1313 1337 1354 volva

80 1407 207 1447 quam
235 1390 402 1444 spiculis
430 1390 498 1430 vel
525 1404 635 1444 pene
665 1392 888 1441 destitutis,
919 1391 1129 1443 explicatu
1157 1390 1339 1440 difficile,

74 1472 156 1509 nisi
191 1467 368 1507 similem
405 1467 550 1506 forsan
590 1482 738 1506 eorum
779 1482 826 1507 ac
867 1471 912 1506 in
946 1468 1128 1519 piscibus
1159 1478 1200 1505 et
1228 1469 1339 1505 Panis

73 1544 448 1584 foecundationem
476 1557 777 1594 supponamus,
808 1543 928 1596 quod
955 1542 1058 1580 mihi
1086 1541 1234 1580 saltem
1252 1555 1339 1578 ma-

73 1623 181 1660 xime
211 1619 379 1657 arridet.
437 1618 576 1657 Ovula
603 1620 745 1671 itaque
776 1633 799 1657 a
828 1618 1008 1658 femellis
1029 1619 1141 1657 edita
1158 1619 1341 1655 marium

75 1699 233 1736 semine
263 1709 313 1740 ex
339 1698 477 1735 vesica
507 1693 696 1744 caudali,
739 1694 796 1734 de
825 1709 908 1749 qua
936 1697 982 1733 in
1011 1696 1113 1747 Cap.
1141 1694 1339 1747 praeced.

74 1772 269 1818 tractavi,
307 1770 590 1822 superirnfuso
628 1770 829 1810 vivificari
857 1782 1046 1823 possent.
1109 1771 1192 1809 Ista
1228 1772 1339 1810 enim

74 1850 211 1886 vesica
239 1846 435 1900 globulos
465 1847 712 1899 (testiculos)
741 1850 960 1887 continens
988 1849 1168 1898 maxime
1195 1860 1339 1886 vascu-

54 1923 165 1971 *losa
194 1928 288 1972 est,
306 1933 353 1960 ut
382 1936 430 1961 ex
457 1922 634 1961 vasculis
663 1938 808 1963 semen
837 1925 1033 1978 adspergi
1060 1926 1220 1977 possit,
1249 1923 1339 1961 For-

75 2012 150 2040 san
188 2009 330 2038 autem
367 1998 532 2052 globuli
572 2002 709 2039 emissi
738 2000 824 2040 'sub
868 2003 983 2039 coitu
1021 2001 1339 2052 disrumpuntur

76 2086 119 2116 et
144 2089 313 2128 sperma
342 2073 579 2113 effundunt.

152 2154 323 2192 Partum
351 2151 471 2204 quod
491 2153 651 2200 attinet,
682 2151 806 2191 ovula
824 2167 981 2201 verme,
1011 2155 1056 2190 in
1077 2154 1339 2204 experimen-

76 2230 127 2266 tis
156 2237 240 2266 tarn
268 2242 293 2266 a
321 2229 533 2267 Goezio
565 2238 606 2266 et
633 2228 853 2267 Zedero
884 2243 1011 2281 quam
1041 2243 1063 2266 a
1091 2242 1159 2266 me
1190 2228 1336 2278 captis,

81 2316 325 2357 compresso
353 2306 522 2342 nonnisi
547 2303 816 2355 proboscidis
847 2308 966 2357 apice
996 2306 1178 2343 eructari
1196 2302 1334 2341 obser-

77 2389 253 2427 vantur,
295 2391 376 2421 nec.
412 2378 537 2435 alium
577 2380 750 2434 quidem
778 2381 977 2429 modum,
1020 2393 1105 2433 quo
1145 2379 1339 2426 edantur,

81 2453 320 2495 animalculi
346 2453 507 2494 fabrica
535 2456 702 2506 collata,
731 2459 959 2508 concipere
987 2470 1174 2507 possum.
1203 2454 1338 2494 Ovula
1363 2465 1366 2468 ’
