1801 3066
461 182 536 223 1¹8

513 281 750 323 choroideo
787 279 855 321 vel
882 282 927 320 in
962 278 1162 322 musculis
1191 282 1494 334 reperiundam
1524 279 1723 333 differre,

516 361 679 399 evincit.
736 360 976 410 Descriptio
1015 358 1167 397 vermis
1208 360 1474 398 exactissima.
1539 360 1727 401 Uncinu-

513 436 656 475 lorum
686 445 727 474 et
754 434 959 474 fabricam
1005 443 1047 472 et
1075 434 1229 487 agendi
1256 435 1432 474 modurn
1461 435 1570 493 kgene
1600 449 1729 488 expo-

515 515 578 552 nit
589 541 601 561 ,
649 525 770 550 usum
799 515 843 550 in
872 511 1125 551 adhaesione
1155 520 1197 549 et
1222 513 1351 562 partis
1382 521 1558 551 attactae
1595 513 1730 552 irrita-

515 590 636 627 tione
666 590 840 639 quaerit;
871 587 925 626 de
955 585 1201 627 osculorum
1230 589 1376 639 capitis
1401 582 1622 627 'functione
1652 587 1731 639 (re-

518 666 766 716 spiratoria,
798 676 923 715 quam
949 662 1116 717 fingit),
1155 666 1292 705 minus
1322 663 1445 703 bene.
1505 663 1566 703 Cl.
1595 666 1732 705 virum

517 753 653 792 opera
691 740 928 791 argumenti
965 738 1330 795 hehninthologici
1358 740 1482 793 plura
1521 751 1613 778 non
1642 739 1731 780 ecli-

520 817 656 865 disse,
708 814 927 865 dolemus,
978 815 1080 856 tales
1111 818 1222 857 enim
1252 816 1546 861 observatores
1575 816 1733 864 raris-sii·-

517 894 576 933 mi
605 903 715 939 sunte

770 1021 808 1066 b,
868 1022 1139 1076 Cysticercus
1158 1023 1436 1078 fasciolaris.

467 1122 557 1180 404.
590 1136 624 1161 a.
653 1121 786 1163 Phil.
815 1122 918 1162 Jac.
948 1122 1135 1162 Hartm
1150 1136 1253 1164 ann
1285 1121 1383 1163 Obs.
1415 1121 1469 1162 de
1496 1119 1738 1162 vesiculari-

522 1197 599 1237 bus
638 1199 849 1239 vermibus
887 1202 932 1238 in
959 1213 1091 1238 mure.
1146 1198 1195 1238 In
1216 1215 1225 1237 ,τ
1271 1198 1321 1237 In
1358 1196 1464 1253 Eph.
1502 1199 1596 1239 Nat.
1638 1198 1736 1236 Cur.

520 1275 624 1313 Dec.
653 1282 688 1321 5.
726 1277 835 1318 Ann.
865 1289 899 1314 2.
938 1289 979 1328 p.
1007 1268 1101 1326 504.
1127 1274 1154 1299 *k
1209 1275 1333 1315 Conf.
1362 1288 1402 1321 n.
1432 1279 1537 1328 587,²
1578 1278 1667 1322 588.
1698 1281 1740 1319 et

519 1362 560 1388 n.
589 1358 678 1402 592.

469 1425 560 1479 404.
598 1425 637 1463 b.
676 1423 786 1464 Joh.
824 1427 950 1466 Dan.
992 1426 1238 1468 Dolaeus
1280 1426 1325 1466 in
1361 1423 1467 1477 Eph.
1505 1425 1600 1465 Nat.
1641 1423 1740 1462 Cur·

523 1501 627 1541 Dec.
657 1509 693 1548 5.
723 1503 828 1541 Ann.
862 1508 887 1547 5
917 1514 959 1542 et
986 1504 1021 1543 6.
1050 1519 1092 1557 Ρ.
1121 1508 1209 1555 595.
1237 1502 1264 1527 '¹‘
1296 1501 1347 1540 In
1373 1502 1557 1545 murium
1586 1498 1741 1566 hepate

526 1575 752 1629 aliquoties
779 1581 939 1617 invenit
969 1590 1010 1619 et
1036 1593 1224 1619 vermem
1254 1591 1344 1618 esse
1374 1578 1555 1630 agnovit.

472 1652 562 1710 405.
594 1653 732 1691 Frid.
771 1653 980 1708 Ruysch
1025 1655 1079 1694 de
1115 1667 1258 1693 verme
1287 1654 1441 1692 murini
1470 1649 1657 1704 hepatis,
1697 1652 1743 1699 in,

526 1726 742 1767 Thesaur.>
758 1729 808 1769 11.
837 1731 926 1776 Ass.
955 1735 992 1775 5.
1019 1744 1061 1777 n.
1076 1736 1112 1781 5.
1143 1732 1166 1755 '‘
1192 1743 1274 1777 nec
1300 1742 1391 1775 non
1418 1727 1604 1775 Dilucid.
1621 1726 1740 1773 Valv.

527 1803 615 1843 obs.
644 1805 718 1844 IX.
749 1806 775 1832 ἢ(

474 1880 564 1938 406.
592 1883 624 1920 J.
657 1882 706 1920 G.
737 1882 1026 1922 Roederer
1062 1885 1107 1921 in
1139 1882 1262 1921 Cim.
1291 1882 1406 1926 Anz.
1453 1879 1564 1934 1762.
1594 1879 1650 1920 St.
1679 1880 1741 1921 61.

526 1970 567 2008 P·
597 1962 674 2009 537
702 1981 719 1988 -
744 1965 832 2012 539.
868 1958 894 1985 'k
948 1961 1145 2001 Vermem
1184 1958 1259 2003 sub
1298 1961 1474 2005 nornine
1509 1955 1745 2002 Fasciolae

527 2036 667 2072 muris
695 2034 936 2087 liepatieae
963 2035 1145 2076 obscure
1174 2035 1380 2081 describit.

475 2111 564 2166 407.
594 2109 731 2158 Blas2
759 2113 992 2159 Merrem
1020 2111 1268 2153 vermischte
1289 2099 1632 2165 Abhandlungen
1669 2121 1741 2148 aus

531 2186 608 2226 der
636 2185 1020 2244 Thiergeschichte,
1052 2190 1241 2243 Gotting2
1275 2194 1384 2240 1781.
1413 2191 1449 2238 4.
1479 2186 1505 2212 ‘k
1540 2186 1742 2230 Vermem

530 2262 607 2302 sub
637 2278 752 2312 nom
776 2247 1016 2304 'Fasciolae
1042 2273 1252 2305 saccacao
1278 2278 1322 2324 Ρ
1354 2263 1438 2317 169
1467 2261 1570 2310 Tab
1593 2261 1623 2308 Ι
1600 2261 1741 2367 Fig-

530 2345 582 2388 5-
593 2353 629 2392 7.
657 2342 974 2393 praetereundo
1005 2344 1122 2388 sistit

478 2418 568 2475 408
611 2417 815 2472 Joseph
862 2421 967 2471 Cap
983 2418 1092 2459 elle
1136 2419 1327 2465 Account
1372 2415 1420 2456 of
1462 2413 1535 2454 the
1580 2413 1744 2456 Taenia

533 2492 784 2535 discovered
820 2499 865 2535 in
898 2495 968 2542 the
1005 2495 1111 2535 liver
1147 2495 1194 2535 of
1221 2509 1244 2538 a
1271 2492 1452 2538 number
1481 2490 1530 2530 of
1553 2491 1643 2535 Rat.
1673 2489 1742 2532 In:
