1801 3066
1242 166 1313 205 181

24 263 32 268 ’
49 263 304 303 coronatae
324 262 517 314 Abilga
532 259 646 310 ard)
678 260 822 311 capitis
845 259 1068 309 lemniscis,
1097 261 1311 313 echinatis,

47 339 126 378 cel.
165 341 254 378 viro
288 339 411 378 nudis
447 338 559 382 visis,
599 334 766 374 habeas.
819 334 962 373 Rebus
992 346 1129 377 autem
1157 339 1313 378 solum-

46 408 181 456 inodo
217 413 435 467 pellucidis
473 410 549 450 sub
587 413 870 463 microscopio
916 416 1155 464 composito
1201 414 1312 455 bene

47 492 300 542 conspicuis,
334 501 493 527 vermes
531 489 712 539 majores
752 488 888 527 eidem
923 501 1012 528 non
1048 489 1310 540 subjiciendi,

44 567 118 605 sed
144 565 210 604 vel
238 576 374 618 partes
403 579 552 604 eorum
581 566 814 603 teneriores
841 564 1071 618 eligendae,
1099 564 1166 602 vel
1193 567 1313 602 secti—

44 654 128 680 one
152 641 428 686 auferendae3
456 654 581 693 saepe
606 643 742 685 etiam,
768 641 868 679 dum
888 642 1041 680 vermis
1061 642 1183 678 nimis
1207 653 1312 679 cras-

43 731 110 756 sus
150 731 228 755 acu
262 720 487 771 pungitur,
526 718 722 756 intestina
748 717 1049 770 prolabuntur,
1079 718 1314 770 omniaque

43 797 267 834 examinari
295 802 486 845 possunt.

120 872 268 924 Aquae
303 872 509 908 immissos
547 869 623 909 sub
661 872 945 923 microscopio
983 873 1208 910 examinari
1241 870 1314 910 de-

42 947 156 998 bere,
182 959 272 986 non
299 956 371 995 est,
401 947 521 1000 quod
546 959 760 994 moneam,
791 961 840 986 ea
867 949 979 985 enim
1000 960 1090 987 non
1108 945 1311 994 adhibita,

39 1037 200 1064 vermes
227 1022 294 1063 vel
322 1025 465 1062 siccati
493 1033 533 1062 et
562 1024 758 1076 collapsi,
793 1024 862 1062 vel
889 1025 1092 1062 contracti
1119 1033 1159 1062 et
1184 1026 1311 1077 riges-

43 1111 204 1151 centes,
231 1099 560 1152 pelluciditatem
590 1102 786 1140 amittunt
815 1110 856 1140 et
882 1095 1037 1139 formas
1064 1095 1218 1139 alienas
1247 1101 1310 1138 in—

43 1178 191 1217 duunt.
252 1176 348 1228 Ipse
383 1176 460 1214 sub
495 1178 777 1230 microscopio
811 1177 1187 1217 Dollondiano
1234 1189 1311 1228 pa-

43 1252 141 1292 tella
166 1262 265 1291 utor
289 1252 499 1304 pollicari,
530 1255 646 1305 cujus
673 1254 829 1294 fundus
857 1255 1007 1306 planus
1035 1256 1166 1302 vitro,
1201 1265 1312 1291 mar-

40 1332 158 1384 gines
194 1337 335 1367 autem
375 1328 524 1367 elevati
562 1329 799 1368 aurichalco
843 1331 1025 1368 confecti
1065 1339 1181 1374 sunt;
1231 1328 1312 1367 hac

42 1418 122 1458 pro
160 1405 311 1443 vermis
346 1404 638 1458 magnitudine
673 1405 738 1443 vel
776 1418 886 1458 aqua
919 1404 1080 1456 repleta
1118 1403 1184 1442 vel
1220 1404 1312 1455 ejus

40 1481 248 1537 guttulam
274 1488 440 1519 tantum
468 1482 730 1526 continente,
771 1480 961 1531 plurimis
992 1480 1192 1532 expedior
1217 1492 1311 1533 ruo-7

41 1558 184 1604 lesffls,
214 1557 323 1594 circa
349 1557 455 1593 vitra
481 1557 647 1593 minora
676 1564 866 1593 excavata
885 1555 1137 1607 plerumque
1160 1555 1310 1603 obviis,

43 1633 280 1686 eademque
323 1630 401 1670 sub
433 1630 809 1685 ‘contemplatione
853 1643 1001 1669 manus
1047 1643 1131 1682 ope
1177 1628 1311 1668 libere

41 1718 191 1757 mota,
212 1708 416 1747 vermium
452 1708 496 1745 in
524 1720 634 1760 aqua
660 1717 801 1746 motus
829 1720 1059 1760 omnesque
1086 1716 1223 1759 partes
1251 1706 1312 1744 fa-

44 1785 112 1825 cili
151 1786 323 1839 negotio
367 1785 548 1823 intueor.
616 1786 876 1824 Micrometri
914 1797 1060 1831 usum,
1101 1796 1192 1822 non
1235 1792 1309 1831 est,

44 1861 164 1914 quod
192 1861 498 1908 commendem,
528 1861 584 1900 ad
610 1863 742 1900 varias
771 1863 882 1899 enim
908 1872 974 1899 res
996 1862 1176 1899 invicem
1197 1873 1312 1898 com-

41 1936 272 1990 parandas,
303 1946 345 1975 et
373 1937 428 1976 ad
454 1939 660 1975 vermium
686 1939 852 1985 icones,
890 1939 1076 1989 partium
1101 1937 1310 1974 rationem

47 2016 340 2066 exprimentes,
369 2014 570 2053 sistendas
598 2014 862 2052 utilissimum
891 2023 965 2052 est.

70 2102 73 2103 ’
120 2091 425 2137 Insa-umento,
463 2103 549 2143 quo
587 2089 790 2139 Goeze,
835 2089 1111 2140 Froelich,
1155 2089 1312 2143 aliique

43 2167 272 2219 plurimum
300 2168 366 2204 usi
394 2176 513 2215 sunt,
553 2169 792 2219 pressorio,
827 2170 1029 2221 cujusque
1065 2167 1211 2206 laudes
1238 2166 1311 2204 ille
1337 2154 1340 2156 v

45 2241 439 2295 (Naturgeschichte
467 2243 542 2283 der
568 2244 1018 2297 Eingeweidewiirmer
1042 2257 1087 2297 p,
1107 2244 1218 2296 447.)
1249 2244 1311 2282 di·

44 2319 100 2355 xit
136 2330 341 2366 summas,
368 2321 496 2372 'pejus
534 2328 576 2358 et
608 2320 795 2360 fallacius
829 2321 992 2360 nullum
1025 2323 1139 2361 novi.
1210 2321 1311 2374 Ejus

45 2395 157 2434 enim
195 2394 234 2431 vi
267 2407 430 2434 vermes
465 2395 663 2436 facillime
703 2398 918 2437 eliduntur
954 2407 996 2437 et
1031 2399 1097 2438 vel
1131 2379 1209 2438 toti
1244 2398 1313 2438 vel

46 2472 156 2509 circa
182 2471 389 2524 margines
418 2468 623 2523 (humore
652 2475 905 2514 circumfuso
927 2475 1084 2515 ibidem
1105 2476 1308 2526 collecto)
