<?xml version="1.0" encoding="UTF-8"?>
<!DOCTYPE html PUBLIC "-//W3C//DTD XHTML 1.0 Transitional//EN"
    "http://www.w3.org/TR/xhtml1/DTD/xhtml1-transitional.dtd">
<html xmlns="http://www.w3.org/1999/xhtml" xml:lang="en" lang="en">
 <head>
  <title>
</title>
<meta http-equiv="Content-Type" content="text/html;charset=utf-8" />
  <meta name='ocr-system' content='tesseract 3.04.00' />
  <meta name='ocr-capabilities' content='ocr_page ocr_carea ocr_par ocr_line ocrx_word'/>
</head>
<body>
  <div class='ocr_page' id='page_1' title='image "./entozoorumsiveve11808rudo_0114.png"; bbox 0 0 1801 3066; ppageno 0'>
   <div class='ocr_carea' id='block_1_1' title="bbox 475 168 532 216">
    <p class='ocr_par' dir='ltr' id='par_1_1' title="bbox 475 168 532 216">
     <span class='ocr_line' id='line_1_1' title="bbox 475 168 532 216; baseline 0.07 -4"><span class='ocrx_word' id='word_1_1' title='bbox 475 168 532 216; x_wconf 77' lang='lat'>84</span> 
     </span>
    </p>
   </div>
   <div class='ocr_carea' id='block_1_2' title="bbox 478 267 1801 2528">
    <p class='ocr_par' dir='ltr' id='par_1_2' title="bbox 530 267 1756 552">
     <span class='ocr_line' id='line_1_2' title="bbox 532 267 1753 323; baseline -0.002 -12"><span class='ocrx_word' id='word_1_2' title='bbox 532 269 775 320; x_wconf 83' lang='lat' dir='ltr'>millimum,</span> <span class='ocrx_word' id='word_1_3' title='bbox 819 269 941 322; x_wconf 78' lang='lat' dir='ltr'>pede</span> <span class='ocrx_word' id='word_1_4' title='bbox 970 267 1237 323; x_wconf 77' lang='lat' dir='ltr'>longiorem,</span> <span class='ocrx_word' id='word_1_5' title='bbox 1280 267 1359 308; x_wconf 86' lang='lat' dir='ltr'>sed</span> <span class='ocrx_word' id='word_1_6' title='bbox 1393 267 1556 311; x_wconf 80' lang='lat' dir='ltr'>calamo</span> <span class='ocrx_word' id='word_1_7' title='bbox 1585 272 1753 313; x_wconf 77' lang='lat' dir='ltr'>tenuio-</span> 
     </span>
     <span class='ocr_line' id='line_1_3' title="bbox 534 343 1753 398; baseline -0.001 -12"><span class='ocrx_word' id='word_1_8' title='bbox 534 362 651 395; x_wconf 81' lang='lat' dir='ltr'>rem,</span> <span class='ocrx_word' id='word_1_9' title='bbox 679 345 929 393; x_wconf 86' lang='lat' dir='ltr'>rubentem,</span> <span class='ocrx_word' id='word_1_10' title='bbox 957 359 1066 384; x_wconf 79' lang='lat' dir='ltr'>vena</span> <span class='ocrx_word' id='word_1_11' title='bbox 1094 343 1226 384; x_wconf 84' lang='lat' dir='ltr'>rubra</span> <span class='ocrx_word' id='word_1_12' title='bbox 1252 343 1578 398; x_wconf 79' lang='lat' dir='ltr'>longitudinali,</span> <span class='ocrx_word' id='word_1_13' title='bbox 1615 347 1753 388; x_wconf 83' lang='lat' dir='ltr'>altero</span> 
     </span>
     <span class='ocr_line' id='line_1_4' title="bbox 536 421 1756 475; baseline 0.001 -12"><span class='ocrx_word' id='word_1_14' title='bbox 536 434 726 463; x_wconf 81' lang='lat' dir='ltr'>extremo</span> <span class='ocrx_word' id='word_1_15' title='bbox 756 436 836 462; x_wconf 87' lang='lat' dir='ltr'>ore</span> <span class='ocrx_word' id='word_1_16' title='bbox 866 421 1042 461; x_wconf 78' lang='lat' dir='ltr'>dilatato</span> <span class='ocrx_word' id='word_1_17' title='bbox 1071 423 1258 460; x_wconf 87' lang='lat' dir='ltr'>suctorio</span> <span class='ocrx_word' id='word_1_18' title='bbox 1287 421 1470 473; x_wconf 88' lang='lat' dir='ltr'>(cucullo</span> <span class='ocrx_word' id='word_1_19' title='bbox 1498 424 1641 475; x_wconf 83' lang='lat' dir='ltr'>potius</span> <span class='ocrx_word' id='word_1_20' title='bbox 1666 438 1756 466; x_wconf 81' lang='lat' dir='ltr'>ma-</span> 
     </span>
     <span class='ocr_line' id='line_1_5' title="bbox 530 498 1172 552; baseline -0.005 -13"><span class='ocrx_word' id='word_1_21' title='bbox 530 502 588 539; x_wconf 84' lang='lat' dir='ltr'>ris</span> <span class='ocrx_word' id='word_1_22' title='bbox 616 499 824 552; x_wconf 80' lang='lat' dir='ltr'>caudali),</span> <span class='ocrx_word' id='word_1_23' title='bbox 867 498 1002 538; x_wconf 84' lang='lat' dir='ltr'>altero</span> <span class='ocrx_word' id='word_1_24' title='bbox 1033 508 1172 537; x_wconf 82' lang='lat' dir='ltr'>acuto.</span> 
     </span>
    </p>

    <p class='ocr_par' dir='ltr' id='par_1_3' title="bbox 478 573 1757 1011">
     <span class='ocr_line' id='line_1_6' title="bbox 478 573 1755 631; baseline -0.003 -15"><span class='ocrx_word' id='word_1_25' title='bbox 478 581 570 631; x_wconf 74' lang='lat'>‘274</span> <span class='ocrx_word' id='word_1_26' title='bbox 597 577 775 630; x_wconf 67' lang='lat' dir='ltr'>Peyre</span> <span class='ocrx_word' id='word_1_27' title='bbox 820 574 874 614; x_wconf 85' lang='lat' dir='ltr'>de</span> <span class='ocrx_word' id='word_1_28' title='bbox 903 575 1097 614; x_wconf 85' lang='lat' dir='ltr'>abscessu</span> <span class='ocrx_word' id='word_1_29' title='bbox 1140 576 1185 612; x_wconf 89' lang='lat' dir='ltr'>in</span> <span class='ocrx_word' id='word_1_30' title='bbox 1210 573 1394 612; x_wconf 79' lang='lat' dir='ltr'>lumbari</span> <span class='ocrx_word' id='word_1_31' title='bbox 1421 577 1618 628; x_wconf 83' lang='lat' dir='ltr'>regione.</span> <span class='ocrx_word' id='word_1_32' title='bbox 1683 575 1755 616; x_wconf 80' lang='lat' dir='ltr'>In:</span> 
     </span>
     <span class='ocr_line' id='line_1_7' title="bbox 529 648 1755 696; baseline -0.003 -5"><span class='ocrx_word' id='word_1_33' title='bbox 529 653 676 691; x_wconf 84' lang='lat' dir='ltr'>Journ.</span> <span class='ocrx_word' id='word_1_34' title='bbox 715 652 768 691; x_wconf 91' lang='lat' dir='ltr'>de</span> <span class='ocrx_word' id='word_1_35' title='bbox 804 648 919 693; x_wconf 68' lang='lat' dir='ltr'>Me‘d.</span> <span class='ocrx_word' id='word_1_36' title='bbox 959 654 1008 690; x_wconf 88' lang='lat' dir='ltr'>T.</span> <span class='ocrx_word' id='word_1_37' title='bbox 1039 651 1100 696; x_wconf 79' lang='lat'>65.</span> <span class='ocrx_word' id='word_1_38' title='bbox 1165 650 1215 689; x_wconf 91' lang='lat' dir='ltr'>In</span> <span class='ocrx_word' id='word_1_39' title='bbox 1255 649 1391 688; x_wconf 83' lang='lat' dir='ltr'>altero</span> <span class='ocrx_word' id='word_1_40' title='bbox 1427 648 1611 691; x_wconf 80' lang='lat' dir='ltr'>hominis</span> <span class='ocrx_word' id='word_1_41' title='bbox 1649 666 1755 692; x_wconf 70' lang='lat' dir='ltr'>rene</span> 
     </span>
     <span class='ocr_line' id='line_1_8' title="bbox 529 725 1757 780; baseline -0.002 -12"><span class='ocrx_word' id='word_1_42' title='bbox 529 739 616 768; x_wconf 87' lang='lat' dir='ltr'>tres</span> <span class='ocrx_word' id='word_1_43' title='bbox 645 743 810 768; x_wconf 75' lang='lat' dir='ltr'>vermes</span> <span class='ocrx_word' id='word_1_44' title='bbox 848 731 933 766; x_wconf 73' lang='lat' dir='ltr'>vivi</span> <span class='ocrx_word' id='word_1_45' title='bbox 962 739 1043 767; x_wconf 81' lang='lat' dir='ltr'>tres</span> <span class='ocrx_word' id='word_1_46' title='bbox 1073 727 1251 779; x_wconf 73' lang='lat' dir='ltr'>pollices</span> <span class='ocrx_word' id='word_1_47' title='bbox 1288 726 1432 780; x_wconf 62' lang='lat' dir='ltr'>longi.</span> <span class='ocrx_word' id='word_1_48' title='bbox 1478 727 1586 766; x_wconf 88' lang='lat' dir='ltr'>Tres</span> <span class='ocrx_word' id='word_1_49' title='bbox 1614 725 1687 765; x_wconf 76' lang='lat' dir='ltr'>alii</span> <span class='ocrx_word' id='word_1_50' title='bbox 1711 730 1757 766; x_wconf 86' lang='lat' dir='ltr'>in</span> 
     </span>
     <span class='ocr_line' id='line_1_9' title="bbox 533 801 1757 856; baseline -0.002 -11"><span class='ocrx_word' id='word_1_51' title='bbox 533 806 732 845; x_wconf 84' lang='lat' dir='ltr'>musculis</span> <span class='ocrx_word' id='word_1_52' title='bbox 764 806 817 844; x_wconf 78' lang='lat' dir='ltr'>ad</span> <span class='ocrx_word' id='word_1_53' title='bbox 847 805 964 844; x_wconf 86' lang='lat' dir='ltr'>dorsi</span> <span class='ocrx_word' id='word_1_54' title='bbox 992 806 1157 856; x_wconf 79' lang='lat' dir='ltr'>spinam</span> <span class='ocrx_word' id='word_1_55' title='bbox 1186 806 1269 842; x_wconf 88' lang='lat' dir='ltr'>sitis</span> <span class='ocrx_word' id='word_1_56' title='bbox 1294 801 1553 853; x_wconf 79' lang='lat' dir='ltr'>habitabant,</span> <span class='ocrx_word' id='word_1_57' title='bbox 1581 802 1757 842; x_wconf 88' lang='lat' dir='ltr'>lumbri-</span> 
     </span>
     <span class='ocr_line' id='line_1_10' title="bbox 535 880 1747 934; baseline -0.004 -11"><span class='ocrx_word' id='word_1_58' title='bbox 535 898 683 923; x_wconf 83' lang='lat' dir='ltr'>corum</span> <span class='ocrx_word' id='word_1_59' title='bbox 712 881 858 920; x_wconf 84' lang='lat' dir='ltr'>habitu</span> <span class='ocrx_word' id='word_1_60' title='bbox 888 892 929 919; x_wconf 91' lang='lat' dir='ltr'>et</span> <span class='ocrx_word' id='word_1_61' title='bbox 956 881 1252 934; x_wconf 79' lang='lat' dir='ltr'>magnitudine</span> <span class='ocrx_word' id='word_1_62' title='bbox 1281 880 1529 934; x_wconf 81' lang='lat' dir='ltr'>gaudentes.</span> <span class='ocrx_word' id='word_1_63' title='bbox 1580 880 1747 919; x_wconf 88' lang='lat' dir='ltr'>Comm.</span> 
     </span>
     <span class='ocr_line' id='line_1_11' title="bbox 531 956 1274 1011; baseline -0.007 -12"><span class='ocrx_word' id='word_1_64' title='bbox 531 959 650 999; x_wconf 81' lang='lat' dir='ltr'>med.</span> <span class='ocrx_word' id='word_1_65' title='bbox 679 960 798 1011; x_wconf 71' lang='lat' dir='ltr'>Lips,</span> <span class='ocrx_word' id='word_1_66' title='bbox 827 957 923 996; x_wconf 71' lang='lat' dir='ltr'>Vol,</span> <span class='ocrx_word' id='word_1_67' title='bbox 954 963 1016 1002; x_wconf 75' lang='lat'>23.</span> <span class='ocrx_word' id='word_1_68' title='bbox 1053 971 1094 1008; x_wconf 90' lang='lat' dir='ltr'>p.</span> <span class='ocrx_word' id='word_1_69' title='bbox 1129 962 1218 1002; x_wconf 66' lang='lat'>550.</span> <span class='ocrx_word' id='word_1_70' title='bbox 1248 956 1274 981; x_wconf 65' lang='lat'>&#39;⁶</span> 
     </span>
    </p>

    <p class='ocr_par' dir='ltr' id='par_1_4' title="bbox 478 1031 1757 1393">
     <span class='ocr_line' id='line_1_12' title="bbox 478 1031 1755 1092; baseline -0.005 -15"><span class='ocrx_word' id='word_1_71' title='bbox 478 1043 570 1092; x_wconf 71' lang='lat'>275.</span> <span class='ocrx_word' id='word_1_72' title='bbox 601 1034 818 1089; x_wconf 66' lang='lat' dir='ltr'>Strongyli</span> <span class='ocrx_word' id='word_1_73' title='bbox 856 1034 1043 1086; x_wconf 75' lang='lat' dir='ltr'>(Ascaris</span> <span class='ocrx_word' id='word_1_74' title='bbox 1082 1031 1383 1072; x_wconf 80' lang='lat' dir='ltr'>lumbricoides</span> <span class='ocrx_word' id='word_1_75' title='bbox 1415 1033 1592 1084; x_wconf 78' lang='lat' dir='ltr'>dicitur)</span> <span class='ocrx_word' id='word_1_76' title='bbox 1636 1035 1755 1086; x_wconf 87' lang='lat' dir='ltr'>quin-</span> 
     </span>
     <span class='ocr_line' id='line_1_13' title="bbox 532 1107 1757 1167; baseline -0.005 -16"><span class='ocrx_word' id='word_1_77' title='bbox 532 1126 618 1167; x_wconf 81' lang='lat' dir='ltr'>que</span> <span class='ocrx_word' id='word_1_78' title='bbox 634 1113 726 1151; x_wconf 84' lang='lat' dir='ltr'>fere</span> <span class='ocrx_word' id='word_1_79' title='bbox 739 1110 873 1163; x_wconf 88' lang='lat' dir='ltr'>pedes</span> <span class='ocrx_word' id='word_1_80' title='bbox 892 1109 1026 1164; x_wconf 81' lang='lat' dir='ltr'>longi,</span> <span class='ocrx_word' id='word_1_81' title='bbox 1057 1112 1292 1164; x_wconf 82' lang='lat' dir='ltr'>sanguinei,</span> <span class='ocrx_word' id='word_1_82' title='bbox 1322 1124 1346 1148; x_wconf 83' lang='lat' dir='ltr'>a</span> <span class='ocrx_word' id='word_1_83' title='bbox 1363 1110 1552 1148; x_wconf 73' lang='lat' dir='ltr'>Franc.</span> <span class='ocrx_word' id='word_1_84' title='bbox 1582 1107 1757 1146; x_wconf 80' lang='lat' dir='ltr'>Frank</span> 
     </span>
     <span class='ocr_line' id='line_1_14' title="bbox 529 1183 1754 1238; baseline -0.005 -10"><span class='ocrx_word' id='word_1_85' title='bbox 529 1191 580 1227; x_wconf 81' lang='lat' dir='ltr'>in</span> <span class='ocrx_word' id='word_1_86' title='bbox 628 1190 770 1227; x_wconf 70' lang='lat' dir='ltr'>vesica</span> <span class='ocrx_word' id='word_1_87' title='bbox 820 1187 933 1224; x_wconf 82' lang='lat' dir='ltr'>canis</span> <span class='ocrx_word' id='word_1_88' title='bbox 974 1188 1162 1224; x_wconf 79' lang='lat' dir='ltr'>urinaria</span> <span class='ocrx_word' id='word_1_89' title='bbox 1206 1188 1369 1238; x_wconf 77' lang='lat' dir='ltr'>reperti</span> <span class='ocrx_word' id='word_1_90' title='bbox 1402 1186 1567 1223; x_wconf 76' lang='lat' dir='ltr'>mentio</span> <span class='ocrx_word' id='word_1_91' title='bbox 1605 1183 1654 1222; x_wconf 87' lang='lat' dir='ltr'>fit</span> <span class='ocrx_word' id='word_1_92' title='bbox 1686 1187 1754 1222; x_wconf 88' lang='lat' dir='ltr'>in:</span> 
     </span>
     <span class='ocr_line' id='line_1_15' title="bbox 533 1259 1755 1303; baseline -0.005 0"><span class='ocrx_word' id='word_1_93' title='bbox 533 1262 863 1303; x_wconf 77' lang='lat' dir='ltr'>Hufeland‘s</span> <span class='ocrx_word' id='word_1_94' title='bbox 901 1260 1021 1299; x_wconf 83' lang='lat' dir='ltr'>Med.</span> <span class='ocrx_word' id='word_1_95' title='bbox 1058 1261 1246 1301; x_wconf 79' lang='lat' dir='ltr'>Journal.</span> <span class='ocrx_word' id='word_1_96' title='bbox 1302 1261 1399 1301; x_wconf 86' lang='lat' dir='ltr'>Vol.</span> <span class='ocrx_word' id='word_1_97' title='bbox 1439 1260 1595 1300; x_wconf 84' lang='lat' dir='ltr'><strong>XVIII.</strong></span> <span class='ocrx_word' id='word_1_98' title='bbox 1639 1261 1685 1300; x_wconf 89' lang='lat' dir='ltr'>P.</span> <span class='ocrx_word' id='word_1_99' title='bbox 1724 1259 1755 1298; x_wconf 94' lang='lat' dir='ltr'>I.</span> 
     </span>
     <span class='ocr_line' id='line_1_16' title="bbox 531 1339 752 1393; baseline -0.014 -14"><span class='ocrx_word' id='word_1_100' title='bbox 531 1355 577 1393; x_wconf 88' lang='lat' dir='ltr'>p.</span> <span class='ocrx_word' id='word_1_101' title='bbox 610 1352 698 1379; x_wconf 77' lang='lat'>112.</span> <span class='ocrx_word' id='word_1_102' title='bbox 725 1339 752 1363; x_wconf 70' lang='lat'>‘³‘</span> 
     </span>
    </p>

    <p class='ocr_par' dir='ltr' id='par_1_5' title="bbox 481 1394 1763 1845">
     <span class='ocr_line' id='line_1_17' title="bbox 481 1394 1763 1469; baseline -0.007 -13"><span class='ocrx_word' id='word_1_103' title='bbox 481 1416 569 1469; x_wconf 79' lang='lat'>276.</span> <span class='ocrx_word' id='word_1_104' title='bbox 604 1411 733 1452; x_wconf 83' lang='lat' dir='ltr'>Karl</span> <span class='ocrx_word' id='word_1_105' title='bbox 760 1411 998 1452; x_wconf 89' lang='lat' dir='ltr'>Asmund</span> <span class='ocrx_word' id='word_1_106' title='bbox 1023 1410 1310 1465; x_wconf 87' lang='lat' dir='ltr'>Rudolphi</span> <span class='ocrx_word' id='word_1_107' title='bbox 1335 1410 1656 1465; x_wconf 81' lang='lat' dir='ltr'>Beschreibung</span> <span class='ocrx_word' id='word_1_108' title='bbox 1683 1394 1763 1449; x_wconf 24' lang='lat' dir='ltr'>des,</span> 
     </span>
     <span class='ocr_line' id='line_1_18' title="bbox 533 1478 1755 1544; baseline -0.005 -14"><span class='ocrx_word' id='word_1_109' title='bbox 533 1489 789 1544; x_wconf 72' lang='lat' dir='ltr'>strongylus</span> <span class='ocrx_word' id='word_1_110' title='bbox 827 1478 978 1541; x_wconf 48' lang='lat' dir='ltr'>Gigas)</span> <span class='ocrx_word' id='word_1_111' title='bbox 1024 1491 1089 1526; x_wconf 89' lang='lat' dir='ltr'>in:</span> <span class='ocrx_word' id='word_1_112' title='bbox 1127 1488 1162 1525; x_wconf 86' lang='lat' dir='ltr'>J.</span> <span class='ocrx_word' id='word_1_113' title='bbox 1201 1489 1251 1526; x_wconf 90' lang='lat' dir='ltr'>A.</span> <span class='ocrx_word' id='word_1_114' title='bbox 1280 1487 1474 1526; x_wconf 79' lang='lat' dir='ltr'>Albers</span> <span class='ocrx_word' id='word_1_115' title='bbox 1509 1488 1755 1542; x_wconf 65' lang='lat' dir='ltr'>Beytrfigen</span> 
     </span>
     <span class='ocr_line' id='line_1_19' title="bbox 534 1561 1755 1617; baseline -0.002 -13"><span class='ocrx_word' id='word_1_116' title='bbox 534 1581 612 1605; x_wconf 84' lang='lat' dir='ltr'>zur</span> <span class='ocrx_word' id='word_1_117' title='bbox 628 1567 857 1604; x_wconf 83' lang='lat' dir='ltr'>Anatomie</span> <span class='ocrx_word' id='word_1_118' title='bbox 885 1564 974 1602; x_wconf 91' lang='lat' dir='ltr'>und</span> <span class='ocrx_word' id='word_1_119' title='bbox 993 1561 1267 1617; x_wconf 67' lang='lat' dir='ltr'>physiologie</span> <span class='ocrx_word' id='word_1_120' title='bbox 1287 1562 1365 1600; x_wconf 82' lang='lat' dir='ltr'>der</span> <span class='ocrx_word' id='word_1_121' title='bbox 1386 1561 1560 1602; x_wconf 88' lang='lat' dir='ltr'>Thiere.</span> <span class='ocrx_word' id='word_1_122' title='bbox 1593 1577 1626 1601; x_wconf 84' lang='lat'>1.</span> <span class='ocrx_word' id='word_1_123' title='bbox 1641 1563 1755 1602; x_wconf 81' lang='lat' dir='ltr'>Hert.</span> 
     </span>
     <span class='ocr_line' id='line_1_20' title="bbox 532 1637 1756 1688; baseline -0.004 -6"><span class='ocrx_word' id='word_1_124' title='bbox 532 1643 721 1682; x_wconf 81' lang='lat' dir='ltr'>Bremen</span> <span class='ocrx_word' id='word_1_125' title='bbox 759 1646 873 1686; x_wconf 82' lang='lat'>1802.</span> <span class='ocrx_word' id='word_1_126' title='bbox 905 1643 946 1688; x_wconf 77' lang='grc'>4.</span> <span class='ocrx_word' id='word_1_127' title='bbox 995 1639 1021 1664; x_wconf 76' lang='lat'>‘¹‘</span> <span class='ocrx_word' id='word_1_128' title='bbox 1101 1639 1281 1677; x_wconf 82' lang='lat' dir='ltr'>Vermes</span> <span class='ocrx_word' id='word_1_129' title='bbox 1319 1651 1343 1676; x_wconf 86' lang='lat' dir='ltr'>a</span> <span class='ocrx_word' id='word_1_130' title='bbox 1383 1637 1434 1678; x_wconf 84' lang='lat' dir='ltr'>cl.</span> <span class='ocrx_word' id='word_1_131' title='bbox 1471 1638 1674 1678; x_wconf 88' lang='lat' dir='ltr'>Albers</span> <span class='ocrx_word' id='word_1_132' title='bbox 1713 1641 1756 1677; x_wconf 86' lang='lat' dir='ltr'>in</span> 
     </span>
     <span class='ocr_line' id='line_1_21' title="bbox 535 1712 1754 1767; baseline -0.003 -11"><span class='ocrx_word' id='word_1_133' title='bbox 535 1716 706 1757; x_wconf 77' lang='lat' dir='ltr'>Phocae</span> <span class='ocrx_word' id='word_1_134' title='bbox 751 1715 955 1754; x_wconf 71' lang='lat' dir='ltr'>vitulinae</span> <span class='ocrx_word' id='word_1_135' title='bbox 993 1714 1226 1767; x_wconf 87' lang='lat' dir='ltr'>pulmone,</span> <span class='ocrx_word' id='word_1_136' title='bbox 1271 1712 1429 1765; x_wconf 76' lang='lat' dir='ltr'>hep-ate</span> <span class='ocrx_word' id='word_1_137' title='bbox 1476 1725 1519 1752; x_wconf 91' lang='lat' dir='ltr'>et</span> <span class='ocrx_word' id='word_1_138' title='bbox 1554 1715 1754 1753; x_wconf 80' lang='lat' dir='ltr'>intestino</span> 
     </span>
     <span class='ocr_line' id='line_1_22' title="bbox 535 1789 1625 1845; baseline -0.005 -12"><span class='ocrx_word' id='word_1_139' title='bbox 535 1797 655 1833; x_wconf 81' lang='lat' dir='ltr'>tenni</span> <span class='ocrx_word' id='word_1_140' title='bbox 681 1794 841 1845; x_wconf 81' lang='lat' dir='ltr'>reperti</span> <span class='ocrx_word' id='word_1_141' title='bbox 869 1805 912 1843; x_wconf 87' lang='lat' dir='ltr'>p.</span> <span class='ocrx_word' id='word_1_142' title='bbox 945 1796 1018 1835; x_wconf 82' lang='lat'>115</span> <span class='ocrx_word' id='word_1_143' title='bbox 1047 1802 1089 1830; x_wconf 89' lang='lat' dir='ltr'>et</span> <span class='ocrx_word' id='word_1_144' title='bbox 1121 1790 1206 1829; x_wconf 87' lang='lat'>116.</span> <span class='ocrx_word' id='word_1_145' title='bbox 1248 1789 1558 1828; x_wconf 78' lang='lat' dir='ltr'>describuntur.</span> <span class='ocrx_word' id='word_1_146' title='bbox 1623 1807 1625 1809; x_wconf 91' lang='lat'>·</span> 
     </span>
    </p>

    <p class='ocr_par' dir='ltr' id='par_1_6' title="bbox 615 1864 1700 1918">
     <span class='ocr_line' id='line_1_23' title="bbox 615 1864 1700 1918; baseline -0.004 -10"><span class='ocrx_word' id='word_1_147' title='bbox 615 1869 744 1909; x_wconf 71' lang='lat' dir='ltr'>Plura</span> <span class='ocrx_word' id='word_1_148' title='bbox 769 1870 815 1906; x_wconf 88' lang='lat' dir='ltr'>in</span> <span class='ocrx_word' id='word_1_149' title='bbox 839 1866 951 1906; x_wconf 72' lang='lat' dir='ltr'>libro</span> <span class='ocrx_word' id='word_1_150' title='bbox 980 1881 1023 1906; x_wconf 77' lang='lat' dir='ltr'>n.</span> <span class='ocrx_word' id='word_1_151' title='bbox 1050 1873 1116 1918; x_wconf 74' lang='lat'>34.</span> <span class='ocrx_word' id='word_1_152' title='bbox 1146 1865 1244 1905; x_wconf 70' lang='lat' dir='ltr'>Vol.</span> <span class='ocrx_word' id='word_1_153' title='bbox 1273 1864 1306 1903; x_wconf 92' lang='grc' dir='ltr'>Ι.</span> <span class='ocrx_word' id='word_1_154' title='bbox 1328 1879 1369 1916; x_wconf 90' lang='lat' dir='ltr'>p.</span> <span class='ocrx_word' id='word_1_155' title='bbox 1400 1868 1464 1917; x_wconf 76' lang='grc'>94.</span> <span class='ocrx_word' id='word_1_156' title='bbox 1489 1864 1700 1904; x_wconf 80' lang='lat' dir='ltr'>dedimus.</span> 
     </span>
    </p>

    <p class='ocr_par' dir='ltr' id='par_1_7' title="bbox 483 1937 1801 2528">
     <span class='ocr_line' id='line_1_24' title="bbox 483 1937 1755 2002; baseline -0.006 -15"><span class='ocrx_word' id='word_1_157' title='bbox 483 1960 575 2002; x_wconf 84' lang='lat'>277.</span> <span class='ocrx_word' id='word_1_158' title='bbox 601 1942 864 1984; x_wconf 72' lang='lat' dir='ltr'>Memoire</span> <span class='ocrx_word' id='word_1_159' title='bbox 892 1958 966 1982; x_wconf 88' lang='lat' dir='ltr'>sur</span> <span class='ocrx_word' id='word_1_160' title='bbox 991 1956 1052 1982; x_wconf 89' lang='lat' dir='ltr'>un</span> <span class='ocrx_word' id='word_1_161' title='bbox 1079 1957 1155 1981; x_wconf 87' lang='lat' dir='ltr'>ver</span> <span class='ocrx_word' id='word_1_162' title='bbox 1177 1937 1331 1980; x_wconf 74' lang='lat' dir='ltr'>trouve</span> <span class='ocrx_word' id='word_1_163' title='bbox 1351 1941 1456 1980; x_wconf 81' lang='lat' dir='ltr'>dans</span> <span class='ocrx_word' id='word_1_164' title='bbox 1474 1939 1517 1979; x_wconf 88' lang='lat' dir='ltr'>le</span> <span class='ocrx_word' id='word_1_165' title='bbox 1536 1942 1631 1979; x_wconf 85' lang='lat' dir='ltr'>rein</span> <span class='ocrx_word' id='word_1_166' title='bbox 1651 1940 1755 1980; x_wconf 83' lang='lat' dir='ltr'>d&#39;un</span> 
     </span>
     <span class='ocr_line' id='line_1_25' title="bbox 537 2016 1754 2073; baseline -0.007 -12"><span class='ocrx_word' id='word_1_167' title='bbox 537 2021 661 2062; x_wconf 86' lang='lat' dir='ltr'>chien</span> <span class='ocrx_word' id='word_1_168' title='bbox 697 2034 780 2073; x_wconf 84' lang='lat' dir='ltr'>par</span> <span class='ocrx_word' id='word_1_169' title='bbox 821 2021 874 2060; x_wconf 90' lang='lat' dir='ltr'>G.</span> <span class='ocrx_word' id='word_1_170' title='bbox 914 2020 956 2058; x_wconf 78' lang='lat' dir='ltr'>F.</span> <span class='ocrx_word' id='word_1_171' title='bbox 999 2020 1051 2062; x_wconf 81' lang='lat' dir='ltr'>H.</span> <span class='ocrx_word' id='word_1_172' title='bbox 1096 2017 1608 2072; x_wconf 75' lang='lat' dir='ltr'>Collet-Meygret.</span> <span class='ocrx_word' id='word_1_173' title='bbox 1685 2016 1754 2054; x_wconf 89' lang='lat' dir='ltr'>In:</span> 
     </span>
     <span class='ocr_line' id='line_1_26' title="bbox 534 2074 1754 2149; baseline -0.006 -12"><span class='ocrx_word' id='word_1_174' title='bbox 534 2098 683 2137; x_wconf 86' lang='lat' dir='ltr'>Journ.</span> <span class='ocrx_word' id='word_1_175' title='bbox 720 2096 775 2135; x_wconf 87' lang='lat' dir='ltr'>de</span> <span class='ocrx_word' id='word_1_176' title='bbox 812 2094 1037 2149; x_wconf 73' lang='lat' dir='ltr'>Physique.</span> <span class='ocrx_word' id='word_1_177' title='bbox 1074 2095 1127 2133; x_wconf 83' lang='grc' dir='ltr'>Τ.</span> <span class='ocrx_word' id='word_1_178' title='bbox 1162 2099 1227 2139; x_wconf 84' lang='grc'>55.</span> <span class='ocrx_word' id='word_1_179' title='bbox 1266 2074 1517 2145; x_wconf 31' lang='grc' dir='ltr'>(1802.)”Ρ.</span> <span class='ocrx_word' id='word_1_180' title='bbox 1544 2091 1754 2142; x_wconf 75' lang='grc'><strong>458-464.</strong></span> 
     </span>
     <span class='ocr_line' id='line_1_27' title="bbox 537 2165 1753 2228; baseline -0.006 -16"><span class='ocrx_word' id='word_1_181' title='bbox 537 2174 624 2228; x_wconf 85' lang='lat' dir='ltr'>Fig.</span> <span class='ocrx_word' id='word_1_182' title='bbox 656 2178 757 2222; x_wconf 68' lang='lat'>1—4„</span> <span class='ocrx_word' id='word_1_183' title='bbox 783 2173 812 2198; x_wconf 78' lang='lat'>&#39;¹‘</span> <span class='ocrx_word' id='word_1_184' title='bbox 873 2172 983 2210; x_wconf 82' lang='lat' dir='ltr'>Octo</span> <span class='ocrx_word' id='word_1_185' title='bbox 1020 2169 1241 2210; x_wconf 85' lang='lat' dir='ltr'>tubercula</span> <span class='ocrx_word' id='word_1_186' title='bbox 1279 2171 1426 2222; x_wconf 82' lang='lat' dir='ltr'>capitis</span> <span class='ocrx_word' id='word_1_187' title='bbox 1454 2168 1636 2207; x_wconf 76' lang='lat' dir='ltr'>totIdem</span> <span class='ocrx_word' id='word_1_188' title='bbox 1661 2165 1753 2206; x_wconf 86' lang='lat' dir='ltr'>infi-</span> 
     </span>
     <span class='ocr_line' id='line_1_28' title="bbox 535 2243 1750 2301; baseline -0.008 -10"><span class='ocrx_word' id='word_1_189' title='bbox 535 2265 630 2292; x_wconf 85' lang='lat' dir='ltr'>mae</span> <span class='ocrx_word' id='word_1_190' title='bbox 671 2248 832 2288; x_wconf 82' lang='lat' dir='ltr'>caudae</span> <span class='ocrx_word' id='word_1_191' title='bbox 867 2247 1010 2301; x_wconf 81' lang='lat' dir='ltr'>fingit,</span> <span class='ocrx_word' id='word_1_192' title='bbox 1056 2248 1158 2286; x_wconf 87' lang='lat' dir='ltr'>inde</span> <span class='ocrx_word' id='word_1_193' title='bbox 1196 2259 1358 2285; x_wconf 87' lang='lat' dir='ltr'>nomen</span> <span class='ocrx_word' id='word_1_194' title='bbox 1403 2243 1750 2298; x_wconf 76' lang='lat' dir='ltr'>Dioccophyme,</span> 
     </span>
     <span class='ocr_line' id='line_1_29' title="bbox 538 2320 1801 2381; baseline -0.008 -15"><span class='ocrx_word' id='word_1_195' title='bbox 538 2326 661 2381; x_wconf 80' lang='lat' dir='ltr'>quod</span> <span class='ocrx_word' id='word_1_196' title='bbox 694 2327 829 2365; x_wconf 83' lang='lat' dir='ltr'>vermi</span> <span class='ocrx_word' id='word_1_197' title='bbox 870 2325 1065 2377; x_wconf 85' lang='lat' dir='ltr'>imponit.</span> <span class='ocrx_word' id='word_1_198' title='bbox 1133 2323 1208 2361; x_wconf 88' lang='lat' dir='ltr'>Est</span> <span class='ocrx_word' id='word_1_199' title='bbox 1243 2320 1492 2376; x_wconf 76' lang='lat' dir='ltr'>strongylus</span> <span class='ocrx_word' id='word_1_200' title='bbox 1537 2321 1668 2374; x_wconf 71' lang='lat' dir='ltr'>Gigas</span> <span class='ocrx_word' id='word_1_201' title='bbox 1709 2329 1753 2360; x_wconf 81' lang='lat' dir='ltr'>et</span> <span class='ocrx_word' id='word_1_202' title='bbox 1796 2373 1801 2375; x_wconf 21' lang='grc' dir='ltr'>Π</span> 
     </span>
     <span class='ocr_line' id='line_1_30' title="bbox 538 2394 1754 2457; baseline -0.007 -15"><span class='ocrx_word' id='word_1_203' title='bbox 538 2403 715 2457; x_wconf 81' lang='lat' dir='ltr'>quidem</span> <span class='ocrx_word' id='word_1_204' title='bbox 748 2402 928 2450; x_wconf 82' lang='lat' dir='ltr'>femina,</span> <span class='ocrx_word' id='word_1_205' title='bbox 975 2413 1104 2453; x_wconf 81' lang='lat' dir='ltr'>quam</span> <span class='ocrx_word' id='word_1_206' title='bbox 1149 2397 1542 2451; x_wconf 70' lang='lat' dir='ltr'>hermaphroditum</span> <span class='ocrx_word' id='word_1_207' title='bbox 1568 2394 1754 2435; x_wconf 80' lang='lat' dir='ltr'>hariola-</span> 
     </span>
     <span class='ocr_line' id='line_1_31' title="bbox 538 2470 1749 2528; baseline -0.007 -10"><span class='ocrx_word' id='word_1_208' title='bbox 538 2489 630 2528; x_wconf 83' lang='lat' dir='ltr'>rur,</span> <span class='ocrx_word' id='word_1_209' title='bbox 675 2476 896 2518; x_wconf 81' lang='lat' dir='ltr'>tubercula</span> <span class='ocrx_word' id='word_1_210' title='bbox 930 2479 1047 2527; x_wconf 82' lang='lat' dir='ltr'>enim</span> <span class='ocrx_word' id='word_1_211' title='bbox 1085 2477 1190 2515; x_wconf 84' lang='lat' dir='ltr'>cutis</span> <span class='ocrx_word' id='word_1_212' title='bbox 1226 2478 1396 2515; x_wconf 82' lang='lat' dir='ltr'>interna</span> <span class='ocrx_word' id='word_1_213' title='bbox 1433 2486 1532 2514; x_wconf 77' lang='lat' dir='ltr'>cum</span> <span class='ocrx_word' id='word_1_214' title='bbox 1553 2470 1638 2511; x_wconf 77' lang='lat' dir='ltr'>filis</span> <span class='ocrx_word' id='word_1_215' title='bbox 1663 2484 1749 2525; x_wconf 84' lang='lat' dir='ltr'>pro</span> 
     </span>
    </p>
   </div>
  </div>
 </body>
</html>
