1801 3066
1278 179 1351 226 451

93 293 236 318 caussa
266 281 345 317 erit
371 277 610 330 praecipua.
668 272 858 314 Cerebro
890 276 1016 323 enim,
1044 286 1091 314 ut
1122 278 1355 319 Goezius

92 354 118 393 l.
151 369 184 394 c.
215 355 324 394 bene
354 350 582 399 annotavit,
613 350 747 403 digito
776 360 937 400 preSSO,
965 348 1183 392 fluctuatio
1213 354 1358 394 obser-

91 442 234 480 vatur,
275 441 316 469 et
343 438 482 466 motus
520 429 596 465 iste
633 424 835 465 tremulus
875 426 1018 476 quavis
1057 427 1130 465 sub
1170 430 1357 470 animalis

92 510 322 561 agitatione
361 503 443 543 hoc
475 515 745 554 summopere
785 500 938 539 afficiat
977 509 1018 537 et
1047 507 1254 542 excruciet
1281 519 1356 544 ne-

93 596 208 621 cesse
239 591 313 620 est.
367 581 410 618 Si
438 575 655 617 vermiculi
682 575 915 614 laesionem
947 574 1185 625 efficerent,
1212 594 1357 631 super-

91 658 204 697 ficies
232 654 564 698 ventriculorum
591 655 758 690 interna
785 650 979 705 hydatidi
1007 655 1207 706 contigua
1236 669 1357 696 erosa

94 748 185 772 esse
214 732 403 779 deberet,
432 727 601 782 qualem
638 740 856 779 nunquam
896 726 1125 767 observavi.
1182 730 1358 769 Cerebri

92 811 237 861 itaque
266 806 524 858 compressio
550 817 683 856 aquae
705 813 746 841 et
765 801 1013 857 hydatidum
1041 807 1080 842 vi
1100 815 1245 844 exorta
1268 805 1356 845 sola

93 887 137 922 in
167 894 413 936 computum
441 883 570 929 venit,
601 882 774 933 ejusque
804 877 991 929 effectus,
1020 879 1261 935 pathologis
1280 895 1359 920 no-

93 962 290 1008 tissimos,
318 958 495 997 ulterius
530 970 745 1007 exponere
776 954 1036 1006 superfluum
1063 957 1186 996 foret.

202 1036 324 1088 Quae
352 1037 396 1072 in
424 1032 628 1080 hominis,
657 1033 826 1078 simiae,
855 1033 936 1068 suis
968 1041 1008 1069 et
1037 1031 1226 1084 delphini
1266 1040 1359 1078 tela

93 1112 298 1150 cellulum
315 1139 329 1158 ‚
384 1108 583 1147 musculis
635 1107 811 1159 aliisque
864 1107 1053 1159 partibus
1094 1112 1357 1165 interposita,

93 1195 320 1226 occurrunt
348 1185 602 1238 grandines,
631 1197 800 1234 semper
828 1186 1036 1222 animatae
1066 1185 1357 1241 observantur,

93 1275 253 1314 suaque
281 1274 408 1311 saepe
439 1261 563 1310 copia
584 1259 902 1297 admirationem
925 1271 1107 1299 movent.
1151 1264 1218 1302 Sic
1236 1269 1358 1306 unius

95 1337 369 1388 ejusdemque
398 1338 480 1373 suis
503 1348 648 1373 omnes
680 1348 781 1387 quas
804 1337 1032 1374 examinavi
1053 1343 1244 1389 corporis
1263 1355 1359 1393 par-

95 1423 158 1451 tes
188 1411 465 1459 musculares,
510 1424 565 1448 ne
595 1410 707 1448 oculi
736 1411 908 1465 quidem
940 1413 1136 1452 musculis
1166 1427 1236 1454 aut
1266 1431 1359 1457 cor-

95 1490 158 1528 dis
187 1488 300 1526 fibris
332 1497 372 1525 et
401 1486 624 1525 trabeculis
647 1488 845 1538 exceptis,
874 1487 1146 1539 grandinibus
1169 1493 1357 1545 refertas,

94 1575 136 1605 et
165 1563 236 1603 has
273 1562 397 1602 simul
434 1565 544 1600 inter
582 1574 729 1600 omnes
770 1562 931 1600 cerebri
959 1577 1081 1618 gyros
1121 1570 1359 1618 copiosissi-

92 1654 180 1680 mas
211 1636 386 1678 offendi.
443 1638 528 1690 Qui
555 1636 648 1685 fiat,
689 1645 734 1674 ut
764 1638 1035 1691 oesophagus
1065 1649 1107 1677 et
1135 1653 1209 1679 cor
1237 1646 1359 1683 undi-

94 1731 178 1770 que
208 1715 476 1770 grandinosa,
506 1713 559 1751 de
587 1711 814 1764 majoribus
835 1716 945 1751 enim
964 1728 1052 1752 non
1072 1714 1228 1769 loquor
1247 1733 1358 1758 mus·

96 1792 213 1840 culis,
242 1789 402 1829 vicibus
433 1790 513 1825 suis
542 1788 785 1840 fungantur,
813 1790 890 1826 nisi
911 1788 1158 1843 hydatidum
1184 1795 1358 1833 istarum

94 1871 400 1905 incrementum
422 1862 601 1910 tardum,
621 1864 956 1916 magnitudinem
979 1867 1183 1919 exiguam,
1212 1883 1358 1921 super-

94 1939 480 1994 ficiemnglabram,
525 1952 678 1991 aquam
715 1941 908 1990 pauciori
939 1943 1064 1993 copia
1101 1954 1357 1995 contentam,

97 2033 195 2058 cum
221 2015 458 2056 vermiculis
487 2016 695 2066 pressioni
721 2014 845 2053 facile
867 2016 1104 2074 cedentem,
1130 2033 1234 2071 prae
1256 2034 1359 2060 ocu-

93 2095 148 2134 lisv
172 2093 436 2141 haberemus,
463 2104 680 2144 nunquam
708 2104 807 2129 sane
834 2091 1189 2146 intelligeremus,
1218 2107 1356 2136 motus

96 2181 240 2210 tamen
275 2166 533 2213 musculares
570 2167 722 2205 exinde
758 2163 999 2207 hebetiores
1038 2169 1127 2208 fieri
1164 2173 1358 2212 credide-

96 2248 187 2285 rim.
250 2242 426 2283 Morbus
461 2245 566 2290 iste,
606 2244 687 2281 nisi
724 2244 888 2297 grando
926 2244 1002 2283 sub
1038 2245 1184 2299 lingua
1223 2248 1357 2298 adest,

99 2320 230 2360 oculis
269 2321 495 2371 conspicua
532 2318 676 2371 (quod
716 2320 930 2358 interdum
966 2330 1108 2359 tamen
1144 2324 1188 2360 in
1215 2323 1357 2363 suibus

97 2399 274 2437 maxime
303 2395 568 2448 grandinosis
594 2394 737 2434 locum
763 2408 854 2434 non
882 2394 1054 2446 habet),
1083 2399 1195 2436 notis
1226 2408 1359 2438 exter-

96 2475 163 2514 nis
190 2484 281 2512 non
305 2469 513 2524 proditur.
567 2469 664 2524 IPse
699 2473 825 2511 etiam
862 2474 1013 2510 vermis
1052 2470 1254 2527 hydatide
1280 2489 1359 2515 „ex-

784 2546 847 2584 Ff
873 2559 896 2584 2
