1801 3066
395 166 446 192 20

447 271 536 298 non
566 255 805 312 intelligas:
860 256 1072 310 quaedam
1103 255 1159 293 de
1183 254 1376 295 Taeniae
1406 259 1542 309 capite
1573 262 1670 312 (aut

447 334 546 373 ficto
577 344 648 372 aut
677 334 950 385 deformato).
1005 334 1154 372 Icones
1183 336 1393 371 vermium
1421 335 1467 372 in
1485 335 1590 373 Tab.
1616 338 1667 375 X.

448 409 678 460 exhibitae,
734 413 972 462 pessimae:
1039 411 1223 448 erinacei
1276 423 1440 449 vermes
1494 424 1668 462 prorsus

445 489 676 525 monstrosi
705 488 931 534 sistuntur,
977 485 1252 538 Taeniaeque
1281 497 1409 538 caput
1435 487 1667 527 humanum

447 562 803 616 oculisvnasoque
832 564 1082 600 instructum
1113 561 1369 617 depingitur.

392 640 456 687 36.
486 640 519 677 F
529 639 627 678 rid.
658 639 697 678 R
709 654 735 677 u
749 654 776 692 y
788 652 805 676 s
817 652 838 676 c
851 636 878 674 h
909 639 1054 689 Opera
1084 641 1226 677 omnia
1255 641 1492 678 anatomico
1505 663 1522 670 -
1533 642 1666 680 medi-

448 715 789 768 co-chirurgica.
819 714 1056 753 Amstelod.
1090 717 1284 766 1721-24.
1313 714 1386 753 IV.
1400 716 1514 756 Voll.
1530 720 1576 756 in
1593 718 1667 768 4*

446 795 594 832 Paucis
641 789 1010 828 observationibus
1052 788 1134 827 huc
1169 790 1441 841 facientibus,
1501 791 1663 846 singula

446 882 582 921 opera
616 879 867 904 enumerare
898 865 969 904 abs
999 880 1048 904 re
1075 865 1200 904 foret.
1256 867 1332 905 An
1345 868 1462 923 dryi
1495 879 1664 907 senten—

445 947 549 983 tiam
590 943 644 981 de
681 945 886 981 vermium
926 945 1071 997 genesi
1109 956 1201 981 suas
1238 943 1350 981 fecit.
1407 946 1582 983 Vermes
1620 947 1664 982 in

448 1022 573 1058 variis
609 1017 848 1057 observavit
877 1019 1145 1065 animalibus;
1199 1020 1395 1058 Distoma
1424 1019 1662 1073 hepaticum

446 1101 492 1135 in
523 1097 639 1135 bovis
671 1104 712 1133 et
742 1096 829 1133 ovis
859 1098 974 1146 poris
1003 1094 1176 1134 biliariis
1213 1097 1293 1147 (de
1321 1097 1427 1136 valv.
1458 1099 1561 1150 Cap.
1590 1098 1661 1135 IV.

449 1172 537 1210 obs.
572 1174 666 1224 18.);
707 1185 870 1210 vermes
898 1174 944 1208 in
971 1170 1184 1210 bronchiis
1212 1172 1465 1224 pulmonum
1497 1172 1660 1225 (vituli,

446 1259 494 1287 ut
523 1262 572 1287 ex
603 1244 956 1299 praecedentibus
984 1247 1179 1296 videtur,
1228 1259 1427 1302 certeque
1456 1247 1663 1303 strongyli

445 1326 655 1376 speciem)
685 1322 890 1363 Thesaur.
918 1323 1030 1362 VIII.
1058 1338 1098 1362 11.
1127 1330 1190 1376 95.
1246 1326 1467 1364 Ascarides
1495 1328 1540 1363 in
1567 1324 1662 1364 sub-

445 1403 597 1438 stantia
643 1399 806 1452 hepatis
848 1399 980 1440 Aselli
1019 1402 1223 1450 majoris:
1275 1399 1447 1438 bremae
1492 1400 1662 1454 ligulam

444 1477 687 1530 strongylos
728 1486 909 1514 armatos
939 1476 985 1512 in
1013 1486 1308 1529 aneurysmate
1338 1479 1510 1529 equino.
1540 1474 1661 1514 Obss.

448 1548 631 1602 chirurg.
659 1550 722 1600 64.
754 1563 849 1587 cum
877 1548 959 1587 tab.

390 1633 457 1678 57.
485 1626 708 1663 Antonii
737 1637 761 1662 a
787 1621 1199 1663 Leeuwenhoek
1227 1640 1408 1678 operum
1436 1625 1660 1675 editiones,

445 1715 541 1739 cum
577 1699 759 1752 plurima
793 1698 876 1737 huc
902 1713 990 1737 non
1025 1700 1208 1750 faciant,
1264 1705 1310 1740 in
1346 1702 1561 1741 Halleri
1601 1703 1661 1741 bi-

444 1774 661 1815 bliotheca
689 1778 926 1814 anatomica
954 1777 1242 1816 conferantur.

524 1853 648 1904 Ejus
687 1852 912 1890 Anatomia
950 1867 1024 1891 seu
1061 1856 1266 1892 interiora
1297 1868 1440 1892 rerum
1471 1869 1554 1907 ope
1582 1857 1659 1894 mi·

445 1931 768 1981 croscopiorum
810 1929 988 1967 detecta.
1042 1930 1088 1967 L.
1120 1931 1168 1968 B.
1202 1930 1315 1981 1637.
1342 1935 1369 1981 4
1396 1931 1422 1955 '²‘
1454 1945 1486 1970 1.
1517 1945 1562 1983 p.
1592 1932 1657 1984 69.

445 2005 500 2044 de
538 2004 748 2044 vermibus
784 2017 984 2042 ranarum
1021 2005 1244 2056 quaedam.
1288 2020 1324 2045 2.
1352 2021 1395 2059 p.
1424 2007 1486 2054 56.
1516 2021 1657 2047 corne·-

443 2080 576 2120 dones
604 2094 769 2119 vermes
798 2093 886 2118 non
916 2093 1017 2119 esse.

520 2157 643 2209 Ejus
688 2158 963 2195 Continuatio
1002 2155 1288 2207 epistolarum.
1330 2158 1387 2197 ib.
1420 2159 1531 2211 1689.
1558 2163 1598 2210 4,
1629 2159 1654 2186 ‘¹‘

445 2247 486 2285 p.
515 2233 579 2286 96.
612 2247 675 2286 sq.
705 2248 753 2271 ex
779 2232 905 2272 larvis
941 2235 986 2271 in
1013 2232 1159 2271 ulcere
1184 2234 1305 2286 pedis
1335 2237 1516 2288 repertis
1543 2249 1653 2274 mus-

416 2340 418 2342 .
444 2322 511 2347 cas
541 2310 694 2348 eduxit.

525 2386 648 2437 Ejus
688 2387 878 2426 Arcanae
915 2389 1103 2426 Naturae
1132 2385 1311 2425 detecta.
1353 2385 1508 2438 Delph.
1540 2386 1652 2439 1695.

444 2467 481 2511 4.
508 2463 534 2488 ἦ(
560 2476 604 2513 p.
632 2468 722 2514 541.
749 2477 837 2516 seq.
899 2462 1121 2517 Anguillae
1147 2460 1488 2518 Echinorhynchi
1526 2471 1652 2514 caput
