1801 3066
392 150 444 176 22

447 241 692 282 venterii
719 250 900 281 tractatu
916 241 970 280 de
993 243 1151 282 ossium
1173 240 1345 281 morbis.
1369 241 1488 280 Leid.
1512 248 1622 296 1739,
1637 247 1664 293 4

446 321 709 371 germanice
753 319 894 358 Dresd
954 326 1063 371 1739.
1087 325 1127 368 4.
1193 319 1392 370 Adjectae
1443 329 1539 357 sunt
1579 324 1663 358 ti'es

450 395 656 447 epistolae
696 396 750 434 de
780 398 1058 448 generatione
1086 397 1322 442 vermium3
1373 408 1553 447 quarum
1580 399 1664 447 pri-

448 485 518 510 ma
545 474 588 510 in
618 474 715 510 actis
744 470 986 510 Trivultmis
1016 479 1126 522 1703.
1157 471 1392 522 procherat.
1447 473 1546 510 Non
1575 485 1666 510 esse

450 560 530 587 ova
560 547 685 597 Solii,
726 560 834 599 quae
863 547 937 584 An
952 548 1117 603 dryus
1147 550 1205 586 ita
1231 549 1461 586 vocaverit.
1498 548 1669 586 Recusa

426 625 545 662 'cum
582 624 692 662 hbro
733 637 818 676 seq.
858 623 987 662 Amst.
1035 629 1148 676 1705.
1179 631 1216 671 8.
1249 634 1290 662 et
1319 634 1403 663 tres
1436 621 1485 663 cl.
1515 625 1596 661 viri
1624 626 1668 662 in

451 700 730 755 Andryum
785 699 994 751 epistolae
1041 715 1135 740 cum
1187 701 1300 739 libro
1345 701 1399 739 de
1443 698 1667 738 alimentis.

452 778 578 816 Parls.
620 783 730 825 1755.
755 783 790 821 8.
824 775 1020 816 Heller
1047 777 1152 818 Bibl.
1178 778 1299 820 Anat.
1323 776 1374 815 II.
1403 789 1444 828 p.
1474 781 1512 821 8.

400 853 859 904 40.Ec]fflrC1ssement
906 867 978 892 sur
1023 853 1064 892 le
1102 853 1206 893 livre
1245 854 1300 892 de
1341 852 1381 890 13
1421 847 1672 905 generation

458 929 531 967 des
571 943 664 968 vers
706 930 808 968 dans
845 929 886 968 le
926 941 1049 981 corps
1081 930 1134 971 de
1161 929 1386 975 l'homme;
1444 939 1675 967 contenent

459 1005 533 1045 des
561 1007 823 1058 Remarques
863 1005 1082 1049 nouvelles
1114 1021 1184 1045 sur
1210 1006 1271 1045 les
1300 1020 1395 1044 vers
1428 1015 1470 1044 et
1510 1019 1581 1043 sur
1609 1005 1672 1044 les

455 1081 657 1120 malaclies
698 1085 1010 1132 vermineuses,
1067 1097 1168 1122 avec
1220 1083 1292 1122 des
1342 1079 1564 1121 reflexions
1604 1096 1676 1121 sur

455 1156 668 1209 l'opinion
697 1159 750 1197 de
782 1172 910 1208 ceux,
949 1161 1021 1212 qui
1049 1170 1225 1214 croyent
1255 1173 1337 1211 que
1365 1158 1405 1196 13
1433 1157 1592 1196 moelle
1619 1171 1676 1196 ne

456 1237 625 1273 nom-rit
662 1249 737 1287 pas
776 1234 837 1273 les
878 1249 924 1274 os
966 1246 1008 1275 et
1044 1236 1200 1288 qu’elle
1240 1250 1263 1274 a
1301 1236 1359 1274 clu
1387 1237 1624 1274 sentiment.
1655 1230 1678 1272 3

458 1310 572 1348 Paris
614 1307 726 1362 1704.
761 1325 811 1364 72
839 1325 881 1363 p.
918 1314 964 1354 in
992 1318 1033 1357 8.
1060 1313 1086 1337 ‘k
1159 1315 1321 1351 Contra
1353 1313 1679 1366 Lemeryum

462 1401 506 1425 se
537 1387 739 1430 defendit,

407 1468 470 1514 41.
502 1463 731 1502 Nicolai
769 1463 959 1516 Andry
997 1448 1273 1515 grfin'dlicher
1309 1461 1556 1503 Unterricht
1594 1475 1681 1503 von
1714 1456 1717 1460 ⁴

460 1539 715 1591 Erzeugung
753 1538 831 1580 der
857 1539 1058 1579 Wiirmer
1097 1541 1154 1574 im
1191 1536 1507 1575 menschlichen
1535 1539 1679 1577 Leibe.

461 1615 612 1654 Anitzo
638 1626 709 1650 aus
737 1612 834 1649 dem
855 1610 1183 1650 Franzosischen
1204 1612 1436 1662 ubersetzt,
1464 1613 1588 1653 nebst
1604 1614 1683 1653 de-

463 1701 550 1728 nen
589 1688 815 1741 desvvegen
843 1686 1152 1742 ffirgefallenen
1185 1688 1511 1741 Streitigkeiten.
1540 1692 1680 1742 Leipz.

468 1765 579 1815 1716.
612 1764 754 1806 XXIV
782 1764 870 1808 und
898 1764 986 1810 526.
1017 1765 1056 1806 S.
1085 1770 1121 1813 8.
1151 1768 1176 1809 5
1203 1764 1396 1816 Kupfert.
1425 1764 1451 1790 ⁴<
1493 1764 1545 1804 In
1570 1768 1681 1808 notis

466 1840 591 1878 Lem
607 1854 766 1894 eryus
799 1844 996 1892 carpitun

413 1919 476 1973 42.
506 1918 572 1956 De
611 1916 653 1956 la
693 1912 942 1972 ge'neration⁴
973 1927 1049 1956 etc.
1090 1917 1302 1957 Nouvelle
1336 1915 1500 1958 edition
1526 1932 1681 1969 revue,

470 1988 663 2046 corrigee
694 2003 736 2032 et
763 1989 1028 2047 augmentee,
1059 1989 1082 2032 ἐι
1109 1995 1223 2033 Paris
1257 2001 1367 2047 1715.
1397 2000 1484 2041 553.
1505 2010 1546 2047 p.
1578 1998 1623 2035 in
1645 2002 1680 2042 8.

469 2070 522 2108 Se
569 2071 714 2112 icones
752 2072 796 2113 in
840 2069 1056 2110 volumine
1105 2071 1308 2125 singulari
1358 2072 1554 2114 daturum
1594 2085 1684 2112 esse

468 2147 726 2203 Andryus,
754 2148 798 2189 in
825 2136 1093 2200 praefatione
1122 2158 1278 2187 monet.

417 2229 479 2273 45.
510 2225 576 2262 De
613 2223 653 2267 13
692 2219 944 2278 generation
982 2234 1060 2269 etc,
1115 2224 1325 2268 Nouvelle
1368 2223 1528 2267 edition
1555 2238 1686 2263 revue

472 2309 515 2338 et
543 2296 819 2353 augmentee,
852 2300 1039 2344 Volume
1068 2304 1113 2345 in
1141 2302 1302 2350 douze,
1343 2315 1445 2340 avec
1472 2300 1534 2340 les
1562 2301 1685 2354 Figu-

472 2390 540 2415 res
572 2372 592 2414 ἐι
621 2387 714 2428 part
744 2377 846 2416 dans
874 2391 934 2416 un
963 2377 1146 2417 Volume
1173 2380 1215 2419 in
1246 2382 1330 2428 4t0.
1374 2373 1397 2418 ἐι
1424 2379 1539 2418 Paris
1573 2382 1683 2428 1718.

474 2458 552 2501 533
580 2462 622 2492 et
648 2459 710 2505 42.
738 2467 780 2506 p.
807 2456 852 2495 in
884 2467 942 2494 12.
971 2454 999 2485 ’Β
1049 2455 1171 2499 Idem
1199 2455 1375 2495 omnino
1401 2453 1513 2494 liber
1541 2466 1588 2491 ac
1613 2464 1686 2490 311-
