1801 3066
312 173 391 216 268

303 281 396 338 ‚nia
424 279 545 316 Solio
574 287 627 316 ft
665 279 712 317 T.
748 291 952 332 expansa
990 280 1164 330 (ovina),
1202 291 1381 330 quarum
1419 278 1583 320 articuli

313 365 356 394 et
383 357 524 408 magni
569 363 610 391 et
637 363 783 393 tenues
812 365 922 404 sunt,
969 357 1128 407 optime
1173 357 1277 392 visui
1323 354 1583 394 exhibentur.

310 433 360 472 In
391 432 436 471 T.
467 431 589 468 Solio
618 430 768 469 canalis
795 429 1109 484 longitudinalis
1127 434 1326 483 utrinque
1348 422 1462 470 haud
1485 442 1586 483 pro-

314 508 382 546 cul
411 521 433 545 a
462 510 650 561 margine
676 521 754 559 per
783 507 977 545 articulos
1005 506 1288 560 progreditur,
1327 516 1369 545 et
1405 508 1583 558 cujusvis

314 584 478 622 articuli
506 597 631 635 supra
661 583 778 621 basin
808 585 917 631 (sive
943 586 1175 637 marginem
1210 582 1483 632 inst-florem)
1515 596 1584 622 ca·

310 660 417 699 nalis
447 660 724 699 transversalis
754 673 837 711 ope
865 672 960 697 cum
988 662 1188 711 opposito
1218 659 1502 712 conjungitur.
1530 658 1581 698 In

317 730 360 776 T.
400 737 606 787 ealycimz
644 736 808 774 canales
839 735 1166 789 longitudinales
1205 735 1416 774 meatibus
1451 743 1583 773 trans-

310 812 537 852 versalibus
565 811 663 850 hinc
689 812 804 850 illinc
825 821 1145 859 connectuntur,
1174 814 1241 850 isti
1264 822 1403 851 autem
1423 824 1585 864 nequa-

311 903 441 942 quam
471 888 621 927 ordine
650 901 786 941 aeque
815 897 1030 927 constante
1059 901 1107 927 ac
1134 890 1179 927 in
1207 889 1256 927 T.
1293 887 1410 927 Solio
1442 888 1582 940 dispo-

310 969 390 1005 siti.
444 966 492 1003 In
532 966 574 1003 T.
615 978 819 1017 expansa
857 964 1147 1004 transversales
1185 966 1488 1006 desiderantur.
1534 963 1585 1004 In.

311 1043 363 1081 T.
393 1042 533 1090 Solio,
578 1055 758 1093 expansa
801 1050 843 1078 et
882 1041 1068 1095 calycina
1113 1041 1276 1081 canales
1316 1044 1362 1080 in
1403 1040 1581 1080 articulo

311 1122 501 1169 corporis
529 1117 681 1155 ultimo
712 1120 890 1155 connexi
919 1120 1247 1169 conspiciuntur,
1278 1127 1318 1157 et
1346 1117 1581 1156 Goezius

311 1193 599 1247 (Naturgesch.
646 1208 688 1245 p.
728 1195 820 1245 372.
850 1193 955 1232 Tab.
986 1194 1178 1232 XXVIII.
1207 1196 1291 1248 Fig.
1323 1195 1385 1245 2.)
1427 1196 1474 1231 in
1510 1206 1584 1230 ex-

303 1283 497 1322 pansae,
527 1273 688 1320 ipsein
716 1270 829 1307 Solz‘z·
872 1269 1035 1307 articuli
1076 1270 1261 1309 candelis
1306 1272 1427 1322 apice
1470 1269 1582 1307 fora-

307 1359 408 1385 men
446 1358 698 1392 commune,
738 1359 824 1397 quo
863 1348 1211 1393 terminarentur,
1251 1344 1580 1384 observavimus:

309 1420 546 1461 Carlisle
575 1434 598 1459 e
626 1431 771 1460 contra
801 1421 842 1474 (l.
874 1436 910 1462 c⁶
937 1436 982 1473 p.
1012 1425 1118 1474 250.)
1148 1422 1366 1462 articulum
1395 1421 1583 1460 Taeniae

307 1498 410 1536 Solii
441 1497 635 1536 ultimum
663 1511 774 1550 poro
805 1499 1051 1536 destitutum
1082 1512 1170 1537 esse
1198 1507 1357 1545 monet,
1386 1508 1433 1536 ut
1460 1501 1494 1537 si
1516 1501 1582 1537 In·

307 1586 473 1629 regrum
503 1575 655 1613 viderit
681 1575 753 1627 (de
782 1588 869 1627 quo
899 1583 1040 1612 tamen
1069 1575 1292 1625 dubitem),
1322 1588 1386 1613 res
1415 1577 1492 1612 ista
1519 1577 1580 1613 in-

309 1660 501 1690 constans
529 1649 764 1689 haberetur.
821 1651 943 1688 Comi
972 1651 1076 1702 Cap.
1107 1650 1201 1689 XV.
1230 1654 1265 1701 §-
1293 1651 1332 1690 5.
1436 1645 1437 1649 “

389 1727 564 1766 Canales
594 1726 653 1764 illi
681 1726 1007 1780 longitudinales
1038 1726 1090 1765 ab
1119 1727 1341 1765 Ernstio
1379 1726 1507 1776 (Bibl.
1535 1740 1580 1767 n.

306 1810 416 1857 341.)
448 1813 488 1843 et
513 1803 752 1843 Carlisle
779 1803 822 1855 (I.
854 1807 906 1854 c.)
935 1802 1173 1858 liquorIbus
1210 1803 1407 1842 coloratis
1436 1806 1579 1855 injecti

307 1892 421 1926 sunu
451 1881 518 1919 hic
548 1879 711 1918 canales
743 1880 796 1916 ad
825 1882 949 1918 trium
987 1880 1150 1930 pedum
1185 1879 1496 1933 longitudinem
1530 1880 1580 1919 li-

307 1972 443 2014 quore
470 1957 665 2009 replevit,
697 1954 747 1994 ab
776 1956 966 1994 inferiori
996 1965 1136 1995 autem
1172 1964 1294 2008 parte
1323 1969 1486 1997 sursum
1514 1958 1577 1994 in-

305 2035 490 2089 jiciendo
518 2047 582 2076 res
613 2035 651 2071 ei
677 2045 765 2070 non
793 2033 1002 2081 successit,
1033 2046 1116 2085 qua
1143 2046 1188 2070 re
1218 2042 1479 2081 commotus,
1511 2045 1577 2071 ca·

304 2113 465 2152 nahum
493 2108 876 2164 longitudinalium,
905 2108 978 2146 ubi
1007 2122 1102 2147 cum
1122 2109 1457 2147 transversalibus
1479 2122 1576 2147 ana-

306 2197 554 2234 stomosent‚
583 2185 765 2225 valvulas
797 2185 940 2223 adesse
968 2188 1184 2237 supponit,
1238 2185 1471 2236 Injectione
1502 2185 1575 2223 tali

305 2269 373 2306 vix
409 2278 516 2316 opus
560 2273 647 2310 est,
691 2262 895 2301 canalium
939 2264 1050 2300 enim
1091 2261 1141 2299 T.
1170 2261 1272 2300 Solii
1302 2271 1341 2300 et
1370 2275 1576 2314 expansae

304 2340 674 2395 longitudinalium
706 2339 867 2378 lumina
901 2340 946 2376 in
983 2339 1159 2389 cujusvis
1198 2337 1361 2376 articuli
1399 2340 1573 2387 majorIs

308 2419 474 2470 abrupti
501 2427 593 2456 tam
612 2416 701 2454 basi
730 2429 857 2469 quam
892 2416 1013 2467 apice
1047 2414 1179 2454 oeulis
1216 2415 1340 2453 nudis
1377 2414 1574 2453 facillime

305 2493 561 2549 usurpanda,
591 2502 631 2532 et
648 2494 699 2532 T.
720 2492 823 2531 Solii
843 2491 1023 2531 articulis
1051 2489 1280 2549 majoribus
1312 2490 1467 2530 cultelli
1488 2504 1573 2543 ope
