1801 3066
449 142 528 169 210

550 234 601 275 In
630 233 879 305 Cestogdez's
906 236 1041 274 cauda
1080 237 1213 274 rarius
1240 244 1390 275 notatu
1417 237 1544 299 digna
1572 239 1713 289 offert,

446 310 512 352 vel
541 311 692 351 obtusa
727 311 795 350 vel
823 311 1099 358 acutiuscula;
1133 315 1178 351 in
1205 312 1369 352 Taenia
1406 325 1446 352 et
1473 315 1715 357 Bothrioce-

445 389 576 443 phalo
620 386 815 428 articulus
861 387 1031 427 ultimus
1077 389 1422 430 antecedentibus
1461 390 1714 445 plerumque

446 467 676 521 angustior,
703 478 870 516 semper
909 464 1233 504 obtusiusculus.
1287 466 1336 504 In
1371 467 1714 519 Tricuspidariae

445 542 579 582 cauda
607 542 719 581 idem
748 555 796 579 ac
824 544 867 579 in
897 544 1157 581 extremitate
1175 544 1384 585 anteriore
1402 553 1527 596 caput
1552 543 1713 597 aliquo-

445 620 522 657 ties
551 631 596 656 se
625 618 865 657 observasse
894 618 1071 666 Pallas
1098 616 1238 656 refert.

545 694 595 733 ln
625 693 811 745 Cystz‘cis
837 696 944 731 veris
968 696 1107 732 vesica
1137 706 1248 746 aqua
1275 695 1435 747 repleta
1461 709 1545 747 pro
1576 697 1711 736 cauda

441 779 514 810 est.
570 770 735 820 Corpus
756 770 866 807 enim
897 768 1124 822 Cysticerci
1149 783 1352 823 rugosum
1384 780 1425 809 et
1453 785 1601 810 cavum
1620 786 1709 812 sen—

439 850 516 887 sim
544 849 588 884 in
615 847 793 884 vesicam
823 845 930 892 abit,
959 846 1003 883 in
1031 857 1159 897 quam
1190 859 1342 898 corpus
1370 847 1529 886 retrahi
1555 858 1708 900 potest,

438 924 617 963 Vesicae
656 923 770 960 istius
799 921 936 959 forma
963 922 1100 967 varia,
1128 922 1196 959 vel
1223 922 1421 976 globosa,
1449 924 1516 963 vel
1542 925 1709 979 subglo·

439 1000 542 1051 bosa
569 1000 639 1049 (in
665 998 887 1051 plurimis),
917 997 982 1034 vel
1010 999 1144 1036 tenuis
1175 1007 1216 1036 et
1244 999 1487 1054 longissima
1508 1011 1512 1018 ⁸
1531 1003 1598 1050 (in
1628 1002 1708 1055 Cy-

435 1079 613 1115 stlcerco
650 1074 865 1123 fistula1-i);
915 1074 1162 1128 magnitudo
1219 1076 1365 1115 itidem
1402 1079 1539 1127 varia,
1580 1092 1706 1130 saepe

436 1151 688 1191 animalculo
717 1153 873 1189 minori
901 1164 1074 1205 magna,
1102 1160 1149 1189 ut
1175 1152 1220 1189 in
1249 1151 1295 1188 C.
1325 1151 1519 1205 globoso,
1551 1166 1575 1192 e
1605 1167 1705 1192 con-

433 1237 499 1266 tra
528 1237 668 1266 autem
696 1229 848 1278 majori
875 1229 1072 1274 minima,
1110 1236 1158 1265 ut
1185 1227 1233 1268 C.
1259 1227 1487 1273 fasciolari;
1535 1230 1705 1283 quibus-

434 1305 532 1343 dam
560 1304 753 1343 obsoleta
779 1305 846 1341 vel
874 1302 1112 1341 oblitterata
1141 1316 1230 1341 esse
1259 1303 1431 1350 dicitur,
1461 1306 1537 1344 sed
1565 1309 1613 1346 iis
1636 1305 1701 1346 vel

434 1380 641 1426 adfuisse,
670 1378 736 1417 vel
763 1391 955 1431 unquam
985 1378 1158 1425 adesse,
1187 1380 1252 1416 vix
1278 1377 1521 1430 probabile,
1551 1392 1598 1420 ut
1624 1381 1700 1421 hos

433 1455 656 1495 excludere
685 1454 869 1494 mallem.
935 1453 984 1492 In
1024 1454 1228 1493 Coenuro
1265 1454 1368 1493 mihi
1398 1455 1513 1495 dicto
1541 1470 1701 1497 vermes

427 1531 602 1585 plurimi
628 1534 673 1570 in
701 1533 881 1570 vesicam
911 1543 1184 1569 communem
1214 1530 1385 1579 abeunt,
1417 1546 1545 1586 quam
1573 1533 1698 1572 idcir-

430 1621 507 1656 co,
536 1607 612 1647 sed
639 1610 776 1645 minus
805 1605 934 1653 bene,
963 1605 1294 1659 Polycephalum
1323 1621 1540 1651 vocavere.

533 1683 583 1722 In
609 1681 905 1722 Echinococco
945 1696 967 1720 e
996 1691 1143 1721 contra
1179 1684 1315 1721 vesica
1352 1682 1538 1721 caudalis
1565 1670 1696 1731 hulla,

427 1760 503 1798 sed
532 1758 831 1811 corpusculum
865 1760 1031 1810 postice
1059 1757 1257 1796 obtusum
1296 1767 1379 1805 est,
1421 1759 1539 1810 quod
1569 1761 1696 1797 etiam

428 1836 482 1874 de
509 1835 706 1874 Dicerate
732 1834 862 1882 valet,
899 1847 980 1873 nec
1018 1833 1374 1874 Prionodermatis
1402 1833 1537 1873 cauda
1572 1833 1694 1874 obtu-

426 1910 605 1972 siuscu}a
630 1920 780 1951 notatu
808 1911 932 1965 digna
966 1910 1101 1950 offert.

904 2064 1059 2136 Cap.
1101 2063 1204 2118 VI.

648 2169 744 2220 De
793 2164 1023 2222 Encozo
1032 2187 1192 2222 orum
1248 2166 1457 2221 colore.

526 2291 732 2334 Colorum
768 2293 813 2331 in
848 2292 1046 2332 Entozois
1083 2292 1296 2333 diversitas
1330 2305 1455 2344 saepe
1492 2290 1686 2332 observa-

421 2379 500 2409 tur.
557 2368 780 2423 Quaedam
808 2368 1116 2416 candidissima,
1152 2368 1246 2408 alba
1275 2382 1349 2408 seu
1375 2369 1500 2408 lactei
1529 2369 1682 2408 coloris

418 2447 545 2500 longe
572 2445 778 2498 plurima,
815 2445 894 2485 alia
927 2447 1082 2499 grisea,
1123 2453 1195 2485 aut
1220 2444 1494 2486 fuscescentia
1523 2445 1590 2484 vel
1617 2447 1681 2485 ni-
