1801 3066
459 181 536 220 ²7²²

460 272 548 312 mili
577 282 689 313 certe
716 273 848 314 modo
879 274 1122 314 alimentum
1144 273 1293 314 haurit.
1350 275 1414 314 Ab
1436 277 1589 317 osculis
1613 292 1735 320 cana-

458 351 517 390 les
545 353 711 403 pariter
727 354 917 390 oriuntur
933 350 1139 395 laterales,
1167 353 1212 390 in
1231 351 1442 390 nonnullis
1465 353 1614 391 saltem
1636 368 1733 396 con-

459 430 605 479 spicui,
633 430 678 466 in
703 427 874 481 reliquis
901 427 1045 465 forsan
1068 428 1354 478 supponendi.
1410 429 1572 468 Osculis
1591 439 1733 471 tamen

460 504 761 558 canalibusque
791 504 910 542 dictis
942 516 1115 541 omnem
1145 516 1279 555 aquae
1306 506 1391 542 vim
1419 507 1554 545 vesica
1575 507 1730 546 cauda-

457 579 486 620 li
515 582 736 621 collectam
763 583 903 632 parari
940 582 1129 632 potuisse
1164 582 1230 618 vix
1268 580 1489 630 credibile,
1534 583 1609 622 sed
1652 583 1732 623 hae

456 636 602 714 parata
628 671 816 698 vermem
845 656 1024 695 eandem
1053 655 1301 704 absorbere,
1342 656 1528 710 ideoque
1564 673 1730 712 semper

456 737 543 775 fere
572 743 698 787 caput
726 732 822 771 huic
850 734 1083 770 immissum
1113 732 1282 780 offerre,
1311 733 1439 786 longe
1474 733 1599 773 aliam
1628 748 1730 774 vero

456 810 577 850 fluidi
606 809 842 849 advehendi
868 812 979 847 viam
1008 809 1111 856 dari,
1139 810 1322 860 plurima
1349 809 1544 849 suadent.

535 887 769 940 Hydatides
797 889 841 924 in
870 886 1020 938 quibus
1043 899 1202 925 vermes
1225 886 1329 924 nulli
1347 889 1594 938 reperiundi
1617 898 1728 937 sunt,

456 966 711 1015 saepissime,
739 976 820 1001 nec
847 975 936 1000 non
965 964 1117 1001 eodem
1144 963 1266 1010 loco,
1296 963 1533 1016 eademque
1559 966 1729 1017 praedi-

457 1049 524 1079 tae
550 1041 704 1088 forma,
731 1042 774 1077 in
799 1049 1074 1091 conspectum
1102 1043 1300 1086 veniunt,
1329 1048 1376 1077 ut
1403 1043 1572 1080 nonnisi
1590 1042 1730 1090 xdisse-

457 1120 599 1156 ctione
628 1117 736 1155 facta
766 1116 817 1154 ab
859 1118 1050 1154 animatis
1089 1116 1344 1169 distinguere
1382 1117 1606 1157 valeamus.
1660 1121 1729 1158 Sic

453 1197 499 1233 in
512 1193 739 1232 abdomine
753 1191 990 1244 hepateque
1007 1195 1216 1230 variorum
1234 1193 1520 1232 mammalium
1536 1204 1576 1234 et
1590 1198 1729 1234 avium

456 1280 498 1309 et
524 1272 568 1307 in
586 1268 712 1321 plexu
735 1267 895 1306 cerebri
915 1257 1088 1306 humani
1112 1268 1343 1306 choroideo
1379 1268 1600 1322 hydatides
1625 1272 1726 1311 tales

454 1345 664 1385 vermIbus
684 1353 871 1382 carentes
895 1346 1060 1395 saepius
1088 1347 1239 1395 reperi,
1253 1358 1349 1382 cum
1369 1343 1639 1397 hydatidibus
1658 1361 1729 1387 va-

453 1423 612 1467 ricosis,
643 1432 864 1473 nunquam
901 1422 1107 1469 animatis,
1136 1434 1357 1473 nunquam
1394 1421 1727 1464 confundendas.

453 1497 687 1553 Hydatides
706 1497 804 1535 tales
824 1496 1076 1551 plerumque
1095 1511 1205 1550 aqua
1216 1497 1638 1546 sola,rariusmateria
1661 1514 1730 1539 ca-

453 1590 574 1615 seosa
600 1573 795 1627 repletas,
825 1575 1024 1624 invenias,
1044 1584 1085 1612 et
1113 1575 1344 1612 Goezius
1374 1575 1663 1629 (Naturgeseh.
1680 1590 1725 1628 p.

455 1662 544 1703 239.
582 1661 622 1689 et
659 1664 746 1702 seq.
793 1649 899 1688 Tab.
928 1650 1071 1700 XIX.)
1115 1650 1341 1689 vesiculam
1387 1651 1725 1705 Cysticercorum

454 1727 673 1766 caudalem
705 1728 885 1778 primum
915 1727 1064 1773 evolvi,
1112 1740 1186 1765 seu
1229 1739 1371 1765 verme
1413 1727 1553 1766 adhuc
1597 1728 1722 1766 valde

451 1804 704 1856 imperfecto
731 1806 817 1855 jam
848 1804 1022 1842 addesse
1047 1816 1243 1858 magnam
1272 1802 1638 1842 observationibus
1657 1817 1722 1842 re-

449 1884 590 1935 petitis
629 1881 942 1920 demonstravit.
1000 1879 1151 1918 Vescia
1187 1891 1318 1931 porro
1363 1889 1555 1929 externa,
1592 1889 1723 1933 prout

451 1957 517 1998 vel
543 1967 633 1996 tota
663 1958 851 2008 corporis
878 1955 1068 2008 partibus
1095 1957 1304 2004 immissa,
1340 1957 1408 1995 vel
1443 1969 1531 1995 uno
1569 1956 1725 1997 adhae-

451 2049 546 2076 rens
575 2037 627 2073 sit
651 2033 766 2080 loco,
798 2041 869 2070 aut
898 2032 1097 2072 cellulosa
1126 2041 1167 2070 et
1193 2032 1367 2071 vasculis
1396 2033 1609 2085 undique,
1648 2043 1723 2072 aut

453 2126 535 2168 qua
562 2120 725 2164 partem
754 2108 900 2147 saltem
926 2112 1134 2158 revincta,
1171 2111 1474 2147 nutrimentum
1503 2118 1544 2148 et
1570 2108 1721 2148 humo-

448 2203 541 2229 rem
567 2188 668 2227 inde
694 2188 957 2225 nanciscitur.
1012 2187 1178 2224 Humor
1211 2187 1357 2238 itaque
1389 2186 1475 2236 jam
1511 2193 1606 2223 ante
1632 2198 1722 2224 ver-

449 2280 562 2306 mem
590 2265 719 2311 adest,
747 2263 816 2302 fac
843 2261 954 2302 hunc
979 2262 1141 2303 ibidem
1167 2263 1339 2310 innasci,
1368 2274 1448 2301 nec
1476 2268 1577 2300 tunc
1596 2260 1718 2314 quod

451 2344 580 2391 bibat,
610 2341 789 2380 fluidum
818 2339 963 2379 deerit.

529 2420 578 2458 In
606 2419 658 2459 V
653 2418 853 2457 esz‘cariis
877 2430 951 2456 seu
979 2416 1187 2456 vermibus
1209 2415 1551 2467 Tricuspidariae
1572 2402 1716 2454 aemu-

449 2499 515 2550 lis,
544 2495 725 2539 vesicula
753 2493 919 2534 caudali
944 2495 1120 2535 minima
1147 2495 1378 2542 instructis,
1416 2501 1457 2531 et
1482 2492 1620 2533 vesica
1648 2504 1716 2530 ex-

1634 2576 1715 2609 ter-
