1801 3066
1292 180 1364 220 107

101 274 190 321 563.
220 275 250 312 J.
280 275 357 312 Au
371 287 408 326 g.
438 269 596 322 Ephr.
628 269 814 306 Goeze
854 280 940 305 von
969 269 1056 307 der'
1071 271 1244 309 Taenia.
1299 273 1366 310 In:

118 383 122 389 .
154 352 370 389 Neuesten
414 342 865 397 Mannigfaltigkeiten.
926 356 958 380 1.
1005 344 1143 399 Jahrg.
1189 362 1229 400 p.
1277 362 1366 399 710.

155 428 187 465 B
202 443 226 465 o
243 442 265 464 e
277 425 302 462 h
315 439 355 462 m
370 436 432 460 er.

103 502 194 553 569.
229 501 314 538 Des
352 496 591 551 Freyherrn
646 510 748 535 von
802 494 1078 535 Gleichen
1133 508 1371 549 genannt

149 575 430 613 Rusworm
486 573 823 626 Zergliederung
869 572 958 609 und
1001 571 1369 625 mikroskopische

160 649 529 704 Beobachtungen
569 651 647 688 der
680 647 802 685 Band
825 671 841 677 -
885 648 976 686 und
1016 648 1369 691 Ki’n-biswiirnier.

154 725 226 764 In:
280 725 485 765 Beschaft.
541 725 616 764 der
662 723 769 763 Berl.
812 722 1041 762 Gesellsch.
1079 724 1369 765 Naturforsch.

154 803 365 842 Freunde.
393 808 429 853 4.
460 803 504 841 Β.
535 802 572 839 S.
604 807 808 851 205-224,
836 800 941 839 Tab.
971 789 1038 838 Vi.
1069 803 1166 853 pict.
1196 803 1220 825 ἵ
1269 803 1373 841 Nul-

158 879 236 918 lius
274 881 490 917 momenti.
547 876 759 916 Articulos
796 877 958 929 aliquot
996 880 1269 927 examinavit,
1308 879 1375 918 fis-

157 969 296 993 suram
336 955 600 1009 singulorum
637 968 718 1006 pro
749 957 907 1005 capite,
964 953 1091 991 ovula
1126 965 1266 993 autem
1294 970 1374 1008 pro

159 1031 419 1071 animalculis
450 1033 655 1070 Taeniam
686 1029 1026 1068 construentibus
1056 1028 1193 1068 habet.

92 1114 195 1159 ⁷570.
227 1109 361 1146 Otto
391 1107 530 1145 Frid.
560 1106 765 1146 Mulier
800 1106 882 1143 Om
909 1106 1095 1144 Baendel
1115 1109 1282 1146 -Orme
1310 1110 1376 1146 in:

155 1183 315 1223 Dansk.
354 1185 446 1223 V1d.
477 1183 598 1224 selsk.
629 1183 768 1221 Skrist.
820 1185 917 1237 Nye
943 1182 1068 1221 Saml.
1113 1198 1146 1222 1.
1176 1184 1298 1223 Deel.
1332 1199 1373 1237 p.

155 1260 310 1312 55-96.
365 1260 666 1315 Dryander.

237 1337 288 1376 V
284 1338 400 1374 ersio
429 1338 696 1386 germanica
730 1350 825 1373 cum
864 1337 1056 1374 Goezii
1095 1338 1377 1374 annotationi-

160 1409 260 1448 bus:
313 1412 363 1448 O.
402 1411 476 1447 Fr.
515 1409 717 1448 Mflller
762 1424 847 1448 von
888 1411 1236 1450 Bandvvfirmern.
1291 1411 1376 1450 Im:

160 1485 489 1525 Naturforscher
518 1486 572 1522 St.
603 1486 708 1522 XIV.
737 1500 778 1537 p.
814 1495 1016 1537 129-203.
1045 1488 1069 1510 ⁴*

240 1562 402 1602 Versio
430 1562 541 1611 gall.
578 1561 722 1598 Lettre
764 1561 818 1600 de
848 1563 908 1599 M.
937 1561 1146 1600 NIuller
1187 1577 1266 1601 aux
1295 1563 1378 1601 Au-

160 1647 272 1676 teurs
313 1636 372 1674 du
409 1635 610 1684 Journal,
666 1650 738 1674 sur
777 1636 838 1676 les
876 1639 1041 1676 Taenia
1083 1638 1137 1676 de
1177 1635 1380 1678 differens

161 1716 367 1752 animaux.
432 1713 480 1752 In
510 1712 629 1751 Obss.
660 1727 732 1751 sur
766 1711 808 1751 la
835 1712 1045 1769 physique
1073 1728 1153 1767 par
1179 1715 1381 1754 Rozier

161 1801 204 1830 et
230 1791 474 1842 Mongez.
504 1791 554 1828 T.
586 1803 648 1827 21.
677 1803 717 1841 p.
746 1796 895 1842 59-53.
928 1791 953 1815 ’κ

241 1867 424 1905 Taenias
455 1865 702 1905 animalibus
733 1870 978 1920 congenitas
1009 1881 1120 1912 esse;
1164 1867 1296 1905 multa
1325 1867 1380 1906 de

163 1945 328 1984 Taenia
354 1941 455 1980 lucii
483 1944 875 1995 (Tricuspidaria),
907 1957 983 1981 ore
1012 1946 1226 1991 instructa,
1259 1944 1381 1997 quod

165 2020 341 2068 exinde,
372 2019 568 2072 analogia
595 2022 730 2057 minus
761 2029 848 2057 tuta
879 2030 1143 2068 commotus,
1184 2019 1380 2059 omnibus

162 2100 333 2138 Taeniis
374 2096 584 2135 adscribit.
659 2097 799 2134 Variis
837 2096 891 2134 de
927 2097 1123 2145 Taeniis,
1175 2096 1380 2148 plurimas

167 2172 514 2214 constituentibus
545 2173 718 2225 species.
780 2173 926 2212 Novos
957 2173 1152 2212 articulos
1180 2176 1225 2211 in
1256 2183 1381 2224 parte

142 2249 369 2289 'anteriori
407 2259 449 2288 et
484 2251 692 2297 tenuiori,
741 2262 822 2288 nec
857 2252 901 2288 in
937 2252 1124 2302 postica,
1172 2253 1379 2303 generari.

173 2326 241 2363 De
278 2325 478 2364 Ascaride
515 2326 627 2373 Aen,
675 2335 764 2364 seta
801 2325 880 2364 sibi
915 2328 1055 2376 dicto,
1107 2338 1149 2365 et
1176 2326 1232 2365 de
1260 2324 1381 2365 Echi-

170 2399 421 2454 norhyncho
448 2402 548 2441 lucii
574 2403 894 2455 praetereundo
923 2406 1021 2458 agit.
1053 2403 1177 2443 Conf.
1205 2417 1244 2441 n.
1276 2403 1337 2449 65.

119 2485 207 2532 571.
247 2479 390 2522 Lcttre
425 2491 494 2515 sur
529 2477 569 2518 le
597 2480 760 2520 Taenia
795 2494 874 2532 par
911 2481 970 2519 M.
1009 2481 1246 2520 Baumes.
1312 2479 1381 2518 In:
1419 2510 1426 2520 .
