1801 3066
909 285 953 336 C
969 301 1070 361 ap.
1112 284 1276 335 XXI.

664 419 767 468 De
828 412 1526 469 antilzelmz‘nchiciS.

1027 535 1061 587 §ss
1121 547 1156 574 1.

852 634 1335 678 Praemittenda.

535 733 820 772 Plurimorum
847 729 1255 767 medjcamentorum
1285 739 1384 781 post
1411 744 1546 779 usum,
1569 744 1729 772 vermes

457 814 502 851 in
531 809 633 848 tubo
663 807 817 846 cibario
847 804 959 854 obvii
993 806 1145 856 passim
1185 805 1456 855 dejiciuntur,
1492 821 1578 861 quo
1617 795 1731 848 com-

455 888 561 926 moti
589 885 741 923 medici
769 883 918 921 eadem
945 883 1032 919 istis
1062 885 1268 920 contraria
1299 885 1585 932 autumando,
1625 887 1729 924 anti-

457 961 824 1003 helmimhicorum
869 960 1040 997 nomine
1085 958 1432 1012 designaverunt,
1487 959 1728 1014 horumque

455 1052 679 1080 numerum
713 1037 846 1078 indies
863 1039 1167 1074 increscentem
1195 1037 1362 1075 tandem
1387 1040 1601 1092 ingentem
1630 1051 1729 1090 pro-

454 1129 651 1170 posuere.
713 1113 877 1150 Eadmn
915 1120 1052 1148 autem
1077 1109 1157 1149 alia
1196 1114 1350 1151 iterum
1389 1117 1480 1152 vice
1517 1113 1728 1154 vermibus

453 1206 543 1234 non
569 1189 804 1243 periculosa
840 1189 926 1225 visa
956 1195 1073 1232 sunt,
1113 1187 1230 1238 quod
1269 1188 1727 1230 antihelminthicorum
1774 1242 1778 1243 ⁷

452 1271 648 1307 virtutem
676 1271 914 1315 suspectam
942 1261 1141 1308 reddidit,
1171 1271 1218 1299 ut
1246 1262 1390 1319 multi„
1421 1278 1474 1304 an
1499 1264 1726 1317 pharmaca

452 1356 612 1384 vermes
655 1344 700 1380 in
741 1351 922 1391 corpore
949 1340 1041 1376 vivo
1083 1336 1228 1376 obvios
1260 1343 1488 1388 enecantia,
1537 1342 1726 1395 ideoque

450 1424 625 1460 nomine
652 1418 725 1456 illo
756 1418 896 1470 digna,
924 1428 1020 1454 vere
1048 1417 1236 1462 existant,
1263 1414 1454 1455 dubitare
1480 1419 1722 1469 inceperint.

533 1491 993 1534 Antihelminthicorum
1032 1492 1091 1529 sic
1139 1490 1349 1530 dictorum
1388 1493 1514 1549 longe
1541 1493 1722 1546 plurima

449 1553 600 1612 eodem
629 1571 800 1623 indigna
829 1581 932 1615 esse,
962 1569 1218 1619 experientia
1236 1568 1443 1619 probavit,
1469 1583 1548 1609 nec
1572 1582 1723 1609 eorun-

449 1651 544 1688 dem
573 1659 771 1686 numerus
801 1654 1022 1695 tantopere
1049 1646 1299 1692 increvisset,
1327 1646 1405 1683 nisi
1427 1655 1548 1683 antea
1577 1648 1718 1698 cogni-

447 1735 588 1764 torum
615 1726 675 1762 vis
703 1721 875 1761 laudata
894 1721 1017 1757 nimis
1037 1733 1162 1771 saepe
1185 1721 1341 1759 effectu
1364 1722 1574 1760 caruisset.
1604 1721 1715 1760 Mul-

448 1805 497 1840 tis
528 1811 669 1839 tamen
695 1810 854 1838 nomen
883 1799 1056 1834 omnino
1088 1799 1306 1847 competit,
1338 1795 1490 1848 quibus
1521 1796 1716 1836 observa-

445 1882 578 1916 tiones
621 1875 789 1914 fallaces
831 1875 1023 1911 virtutem
1062 1871 1177 1909 illam
1222 1872 1431 1925 denegare
1476 1874 1711 1913 videantur.

445 1954 581 2005 Saepe
610 1955 721 1991 enim
749 1950 928 1996 medicI,
958 1948 1148 1986 theoriae
1176 1946 1558 2009 futiliskhypot-hesi
1589 1953 1715 2005 agita*

444 2034 487 2078 ti,
503 2043 677 2075 vermes,
699 2028 771 2065 ubi
792 2039 962 2078 prorsus
983 2026 1146 2069 desunt,
1171 2025 1313 2062 adesse
1338 2027 1575 2076 opinantur,
1595 2026 1714 2065 ideo·
1735 2019 1739 2025 ³
1761 2070 1765 2076 Ἰ

443 2120 528 2160 que
579 2101 935 2144 antihelminthica
988 2101 1286 2153 probatissima
1331 2113 1440 2139 vano
1490 2105 1712 2141 conamine

439 2166 674 2236 porrigunt,
704 2180 783 2226 vel,
810 2176 1014 2217 vermibus
1044 2176 1221 2223 abactis,
1259 2175 1455 2214 morbum
1491 2190 1712 2229 superesse

438 2259 652 2304 videndo„
670 2269 795 2309 quem
824 2267 1046 2306 perperam
1075 2254 1360 2291 verminosum
1401 2253 1583 2307 fingunt,
1620 2268 1710 2293 ver-

440 2348 528 2373 mes
567 2333 703 2372 adhuc
740 2332 903 2370 relictos
946 2329 1126 2367 creditos
1172 2340 1303 2379 opera
1343 2330 1458 2367 irrita
1496 2330 1707 2369 debellare

438 2420 638 2463 satagunt.
694 2409 1101 2446 Medicamentorum
1126 2417 1225 2443 sane
1247 2406 1391 2456 inopia
1410 2418 1500 2443 non
1515 2414 1706 2458 tantope-

436 2501 484 2526 re
513 2500 561 2524 ac
590 2487 782 2538 diegnosi
809 2496 957 2522 manca
986 2490 1025 2520 et
1062 2479 1200 2520 fallaci
1236 2479 1495 2528 laboramus;
1531 2480 1610 2520 hac
1644 2495 1706 2520 re-
