<?xml version="1.0" encoding="UTF-8"?>
<!DOCTYPE html PUBLIC "-//W3C//DTD XHTML 1.0 Transitional//EN"
    "http://www.w3.org/TR/xhtml1/DTD/xhtml1-transitional.dtd">
<html xmlns="http://www.w3.org/1999/xhtml" xml:lang="en" lang="en">
 <head>
  <title>
</title>
<meta http-equiv="Content-Type" content="text/html;charset=utf-8" />
  <meta name='ocr-system' content='tesseract 3.04.00' />
  <meta name='ocr-capabilities' content='ocr_page ocr_carea ocr_par ocr_line ocrx_word'/>
</head>
<body>
  <div class='ocr_page' id='page_1' title='image "./entozoorumsiveve11808rudo_0489.png"; bbox 0 0 1801 3066; ppageno 0'>
   <div class='ocr_carea' id='block_1_1' title="bbox 1282 116 1360 192">
    <p class='ocr_par' dir='ltr' id='par_1_1' title="bbox 1282 116 1360 192">
     <span class='ocr_line' id='line_1_1' title="bbox 1282 116 1360 192; baseline 0.064 -10"><span class='ocrx_word' id='word_1_1' title='bbox 1282 116 1360 192; x_wconf 72' lang='lat'>455</span> 
     </span>
    </p>
   </div>
   <div class='ocr_carea' id='block_1_2' title="bbox 12 237 1360 2487">
    <p class='ocr_par' dir='ltr' id='par_1_2' title="bbox 12 237 1360 2487">
     <span class='ocr_line' id='line_1_2' title="bbox 92 237 1357 298; baseline 0.006 -22"><span class='ocrx_word' id='word_1_2' title='bbox 92 237 207 278; x_wconf 85' lang='lat' dir='ltr'>liaris</span> <span class='ocrx_word' id='word_1_3' title='bbox 234 252 323 279; x_wconf 84' lang='lat' dir='ltr'>non</span> <span class='ocrx_word' id='word_1_4' title='bbox 353 238 530 278; x_wconf 73' lang='lat' dir='ltr'>adfuisse</span> <span class='ocrx_word' id='word_1_5' title='bbox 560 239 772 287; x_wconf 76' lang='lat' dir='ltr'>videatur,</span> <span class='ocrx_word' id='word_1_6' title='bbox 816 250 857 278; x_wconf 84' lang='lat' dir='ltr'>et</span> <span class='ocrx_word' id='word_1_7' title='bbox 896 245 928 279; x_wconf 90' lang='lat' dir='ltr'>si</span> <span class='ocrx_word' id='word_1_8' title='bbox 956 244 1204 284; x_wconf 79' lang='lat' dir='ltr'>Ascaridum</span> <span class='ocrx_word' id='word_1_9' title='bbox 1234 250 1357 298; x_wconf 83' lang='lat' dir='ltr'>copia</span> 
     </span>
     <span class='ocr_line' id='line_1_3' title="bbox 90 314 1354 373; baseline 0.007 -22"><span class='ocrx_word' id='word_1_10' title='bbox 90 317 219 354; x_wconf 80' lang='lat' dir='ltr'>nimia</span> <span class='ocrx_word' id='word_1_11' title='bbox 247 326 444 368; x_wconf 77' lang='lat' dir='ltr'>tantaque</span> <span class='ocrx_word' id='word_1_12' title='bbox 481 314 626 353; x_wconf 87' lang='lat' dir='ltr'>fuisset</span> <span class='ocrx_word' id='word_1_13' title='bbox 665 314 838 367; x_wconf 82' lang='lat' dir='ltr'>(multas</span> <span class='ocrx_word' id='word_1_14' title='bbox 874 318 964 367; x_wconf 87' lang='lat' dir='ltr'>ipse</span> <span class='ocrx_word' id='word_1_15' title='bbox 993 329 1154 359; x_wconf 80' lang='lat' dir='ltr'>tantum</span> <span class='ocrx_word' id='word_1_16' title='bbox 1181 324 1354 373; x_wconf 78' lang='lat' dir='ltr'>vocat),</span> 
     </span>
     <span class='ocr_line' id='line_1_4' title="bbox 91 390 1355 443; baseline 0.005 -14"><span class='ocrx_word' id='word_1_17' title='bbox 91 402 137 429; x_wconf 87' lang='lat' dir='ltr'>ut</span> <span class='ocrx_word' id='word_1_18' title='bbox 175 394 494 443; x_wconf 76' lang='lat' dir='ltr'>respirationem</span> <span class='ocrx_word' id='word_1_19' title='bbox 533 392 845 442; x_wconf 77' lang='lat' dir='ltr'>intercepisset,</span> <span class='ocrx_word' id='word_1_20' title='bbox 890 390 1113 443; x_wconf 82' lang='lat' dir='ltr'>pulmones</span> <span class='ocrx_word' id='word_1_21' title='bbox 1150 408 1240 435; x_wconf 86' lang='lat' dir='ltr'>non</span> <span class='ocrx_word' id='word_1_22' title='bbox 1269 397 1355 435; x_wconf 91' lang='lat' dir='ltr'>col·-</span> 
     </span>
     <span class='ocr_line' id='line_1_5' title="bbox 89 465 1354 522; baseline -0.001 -19"><span class='ocrx_word' id='word_1_23' title='bbox 89 465 193 519; x_wconf 80' lang='lat' dir='ltr'>lapsi</span> <span class='ocrx_word' id='word_1_24' title='bbox 224 477 265 505; x_wconf 88' lang='lat' dir='ltr'>et</span> <span class='ocrx_word' id='word_1_25' title='bbox 290 465 462 518; x_wconf 77' lang='lat' dir='ltr'>pallidi,</span> <span class='ocrx_word' id='word_1_26' title='bbox 499 465 574 504; x_wconf 87' lang='lat' dir='ltr'>sed</span> <span class='ocrx_word' id='word_1_27' title='bbox 610 466 760 504; x_wconf 88' lang='lat' dir='ltr'>iisdem</span> <span class='ocrx_word' id='word_1_28' title='bbox 797 467 955 504; x_wconf 79' lang='lat' dir='ltr'><strong>extensi</strong></span> <span class='ocrx_word' id='word_1_29' title='bbox 994 477 1035 505; x_wconf 82' lang='lat' dir='ltr'>et</span> <span class='ocrx_word' id='word_1_30' title='bbox 1071 472 1227 522; x_wconf 84' lang='lat' dir='ltr'>turgidi</span> <span class='ocrx_word' id='word_1_31' title='bbox 1255 473 1354 512; x_wconf 87' lang='lat' dir='ltr'>fuis-</span> 
     </span>
     <span class='ocr_line' id='line_1_6' title="bbox 89 539 1325 596; baseline 0.005 -16"><span class='ocrx_word' id='word_1_32' title='bbox 89 552 191 580; x_wconf 88' lang='lat' dir='ltr'>sent.</span> <span class='ocrx_word' id='word_1_33' title='bbox 246 541 382 581; x_wconf 77' lang='lat' dir='ltr'>Aliam</span> <span class='ocrx_word' id='word_1_34' title='bbox 412 543 552 595; x_wconf 79' lang='lat' dir='ltr'>itaque</span> <span class='ocrx_word' id='word_1_35' title='bbox 581 539 684 579; x_wconf 74' lang='lat' dir='ltr'>labis</span> <span class='ocrx_word' id='word_1_36' title='bbox 714 555 899 579; x_wconf 76' lang='lat' dir='ltr'>caussam</span> <span class='ocrx_word' id='word_1_37' title='bbox 926 541 1095 581; x_wconf 79' lang='lat' dir='ltr'>latuisse</span> <span class='ocrx_word' id='word_1_38' title='bbox 1125 549 1325 596; x_wconf 83' lang='lat' dir='ltr'>suspicor.</span> 
     </span>
     <span class='ocr_line' id='line_1_7' title="bbox 194 602 1351 671; baseline 0.003 -14"><span class='ocrx_word' id='word_1_39' title='bbox 194 618 311 671; x_wconf 84' lang='lat' dir='ltr'>Quid</span> <span class='ocrx_word' id='word_1_40' title='bbox 339 622 410 666; x_wconf 80' lang='lat' dir='ltr'>sit,</span> <span class='ocrx_word' id='word_1_41' title='bbox 451 618 570 671; x_wconf 86' lang='lat' dir='ltr'>quod</span> <span class='ocrx_word' id='word_1_42' title='bbox 604 630 767 656; x_wconf 87' lang='lat' dir='ltr'>vermes</span> <span class='ocrx_word' id='word_1_43' title='bbox 796 619 840 655; x_wconf 85' lang='lat' dir='ltr'>in</span> <span class='ocrx_word' id='word_1_44' title='bbox 870 617 1111 656; x_wconf 76' lang='lat' dir='ltr'>animalium</span> <span class='ocrx_word' id='word_1_45' title='bbox 1140 602 1351 660; x_wconf 80' lang='lat' dir='ltr'>dictorum</span> 
     </span>
     <span class='ocr_line' id='line_1_8' title="bbox 87 692 1360 745; baseline 0.003 -16"><span class='ocrx_word' id='word_1_46' title='bbox 87 692 356 744; x_wconf 83' lang='lat' dir='ltr'>pulmonibus</span> <span class='ocrx_word' id='word_1_47' title='bbox 387 704 608 745; x_wconf 74' lang='lat' dir='ltr'>tantopere</span> <span class='ocrx_word' id='word_1_48' title='bbox 638 692 928 741; x_wconf 84' lang='lat' dir='ltr'><strong>cumulentur,</strong></span> <span class='ocrx_word' id='word_1_49' title='bbox 958 695 1055 732; x_wconf 77' lang='lat' dir='ltr'>satis</span> <span class='ocrx_word' id='word_1_50' title='bbox 1085 692 1194 732; x_wconf 85' lang='lat' dir='ltr'>hene</span> <span class='ocrx_word' id='word_1_51' title='bbox 1223 695 1360 745; x_wconf 69' lang='lat' dir='ltr'>expli-v</span> 
     </span>
     <span class='ocr_line' id='line_1_9' title="bbox 88 768 1350 821; baseline 0 -15"><span class='ocrx_word' id='word_1_52' title='bbox 88 771 174 807; x_wconf 79' lang='lat' dir='ltr'>cari</span> <span class='ocrx_word' id='word_1_53' title='bbox 200 780 352 821; x_wconf 87' lang='lat' dir='ltr'>potest.</span> <span class='ocrx_word' id='word_1_54' title='bbox 406 769 454 808; x_wconf 89' lang='lat' dir='ltr'>In</span> <span class='ocrx_word' id='word_1_55' title='bbox 483 768 646 816; x_wconf 73' lang='lat' dir='ltr'>vitulis,</span> <span class='ocrx_word' id='word_1_56' title='bbox 685 782 868 821; x_wconf 79' lang='lat' dir='ltr'>quorum</span> <span class='ocrx_word' id='word_1_57' title='bbox 896 768 1006 807; x_wconf 84' lang='lat' dir='ltr'>ultra</span> <span class='ocrx_word' id='word_1_58' title='bbox 1033 768 1147 808; x_wconf 77' lang='lat' dir='ltr'>mille</span> <span class='ocrx_word' id='word_1_59' title='bbox 1175 771 1219 808; x_wconf 87' lang='lat' dir='ltr'>in</span> <span class='ocrx_word' id='word_1_60' title='bbox 1247 769 1350 808; x_wconf 83' lang='lat' dir='ltr'>Hol-</span> 
     </span>
     <span class='ocr_line' id='line_1_10' title="bbox 83 843 1349 897; baseline 0.002 -15"><span class='ocrx_word' id='word_1_61' title='bbox 83 843 225 883; x_wconf 73' lang='lat' dir='ltr'>landia</span> <span class='ocrx_word' id='word_1_62' title='bbox 254 845 335 884; x_wconf 89' lang='lat' dir='ltr'>hoc</span> <span class='ocrx_word' id='word_1_63' title='bbox 354 844 507 884; x_wconf 86' lang='lat' dir='ltr'>morbo</span> <span class='ocrx_word' id='word_1_64' title='bbox 537 844 829 894; x_wconf 83' lang='lat' dir='ltr'>succubuisse,</span> <span class='ocrx_word' id='word_1_65' title='bbox 867 843 923 883; x_wconf 82' lang='lat' dir='ltr'>ill.</span> <span class='ocrx_word' id='word_1_66' title='bbox 955 846 1115 897; x_wconf 79' lang='lat' dir='ltr'>Camp</span> <span class='ocrx_word' id='word_1_67' title='bbox 1130 859 1183 884; x_wconf 90' lang='lat' dir='ltr'>er</span> <span class='ocrx_word' id='word_1_68' title='bbox 1209 845 1349 893; x_wconf 80' lang='lat' dir='ltr'>tradit,</span> 
     </span>
     <span class='ocr_line' id='line_1_11' title="bbox 84 920 1347 974; baseline 0.001 -17"><span class='ocrx_word' id='word_1_69' title='bbox 84 930 127 958; x_wconf 88' lang='lat' dir='ltr'>et</span> <span class='ocrx_word' id='word_1_70' title='bbox 166 922 211 959; x_wconf 91' lang='lat' dir='ltr'>in</span> <span class='ocrx_word' id='word_1_71' title='bbox 252 935 433 973; x_wconf 79' lang='lat' dir='ltr'>(suorum</span> <span class='ocrx_word' id='word_1_72' title='bbox 472 920 640 960; x_wconf 76' lang='lat' dir='ltr'>trachea</span> <span class='ocrx_word' id='word_1_73' title='bbox 680 923 887 960; x_wconf 85' lang='lat' dir='ltr'><strong>vermium</strong></span> <span class='ocrx_word' id='word_1_74' title='bbox 925 921 1138 974; x_wconf 78' lang='lat' dir='ltr'>myriades</span> <span class='ocrx_word' id='word_1_75' title='bbox 1174 922 1347 969; x_wconf 86' lang='lat' dir='ltr'>invenit,</span> 
     </span>
     <span class='ocr_line' id='line_1_12' title="bbox 80 994 1347 1051; baseline 0.002 -19"><span class='ocrx_word' id='word_1_76' title='bbox 80 994 194 1034; x_wconf 84' lang='lat' dir='ltr'>luem</span> <span class='ocrx_word' id='word_1_77' title='bbox 217 996 413 1035; x_wconf 79' lang='lat' dir='ltr'>bovillam</span> <span class='ocrx_word' id='word_1_78' title='bbox 440 1010 757 1051; x_wconf 73' lang='lat' dir='ltr'>praegressam,</span> <span class='ocrx_word' id='word_1_79' title='bbox 785 997 983 1034; x_wconf 84' lang='lat' dir='ltr'>insitione</span> <span class='ocrx_word' id='word_1_80' title='bbox 1000 994 1206 1034; x_wconf 79' lang='lat' dir='ltr'>artificiali</span> <span class='ocrx_word' id='word_1_81' title='bbox 1235 1009 1347 1034; x_wconf 85' lang='lat' dir='ltr'>com-</span> 
     </span>
     <span class='ocr_line' id='line_1_13' title="bbox 80 1072 1346 1125; baseline 0.001 -17"><span class='ocrx_word' id='word_1_82' title='bbox 80 1073 358 1121; x_wconf 78' lang='lat' dir='ltr'>municatam,</span> <span class='ocrx_word' id='word_1_83' title='bbox 397 1072 466 1110; x_wconf 79' lang='lat' dir='ltr'>alii</span> <span class='ocrx_word' id='word_1_84' title='bbox 494 1072 667 1125; x_wconf 81' lang='lat' dir='ltr'>quidem</span> <span class='ocrx_word' id='word_1_85' title='bbox 696 1080 969 1121; x_wconf 79' lang='lat' dir='ltr'>accusarunt,</span> <span class='ocrx_word' id='word_1_86' title='bbox 998 1073 1089 1123; x_wconf 84' lang='lat' dir='ltr'>ipse</span> <span class='ocrx_word' id='word_1_87' title='bbox 1120 1081 1262 1109; x_wconf 78' lang='lat' dir='ltr'>tamen</span> <span class='ocrx_word' id='word_1_88' title='bbox 1288 1073 1346 1109; x_wconf 89' lang='lat' dir='ltr'>vi-</span> 
     </span>
     <span class='ocr_line' id='line_1_14' title="bbox 80 1146 1346 1200; baseline 0 -16"><span class='ocrx_word' id='word_1_89' title='bbox 80 1146 190 1185; x_wconf 80' lang='lat' dir='ltr'>tulos</span> <span class='ocrx_word' id='word_1_90' title='bbox 219 1147 442 1200; x_wconf 79' lang='lat' dir='ltr'>quosdam,</span> <span class='ocrx_word' id='word_1_91' title='bbox 469 1146 541 1186; x_wconf 89' lang='lat' dir='ltr'>lue</span> <span class='ocrx_word' id='word_1_92' title='bbox 569 1161 658 1186; x_wconf 89' lang='lat' dir='ltr'>non</span> <span class='ocrx_word' id='word_1_93' title='bbox 687 1158 923 1199; x_wconf 83' lang='lat' dir='ltr'>correptos,</span> <span class='ocrx_word' id='word_1_94' title='bbox 954 1147 1093 1185; x_wconf 88' lang='lat' dir='ltr'>eidem</span> <span class='ocrx_word' id='word_1_95' title='bbox 1122 1148 1247 1185; x_wconf 80' lang='lat' dir='ltr'>etiam</span> <span class='ocrx_word' id='word_1_96' title='bbox 1277 1159 1346 1185; x_wconf 84' lang='lat' dir='ltr'>oc-</span> 
     </span>
     <span class='ocr_line' id='line_1_15' title="bbox 80 1221 1345 1272; baseline -0.002 -11"><span class='ocrx_word' id='word_1_97' title='bbox 80 1222 296 1272; x_wconf 87' lang='lat' dir='ltr'>cubuisse,</span> <span class='ocrx_word' id='word_1_98' title='bbox 332 1230 491 1261; x_wconf 85' lang='lat' dir='ltr'>monet.</span> <span class='ocrx_word' id='word_1_99' title='bbox 547 1224 682 1262; x_wconf 85' lang='lat' dir='ltr'>Luem</span> <span class='ocrx_word' id='word_1_100' title='bbox 720 1221 920 1262; x_wconf 75' lang='lat' dir='ltr'>bovinam</span> <span class='ocrx_word' id='word_1_101' title='bbox 960 1221 1094 1259; x_wconf 80' lang='lat' dir='ltr'>solam</span> <span class='ocrx_word' id='word_1_102' title='bbox 1129 1234 1220 1261; x_wconf 87' lang='lat' dir='ltr'>non</span> <span class='ocrx_word' id='word_1_103' title='bbox 1255 1234 1345 1259; x_wconf 88' lang='lat' dir='ltr'>esse</span> 
     </span>
     <span class='ocr_line' id='line_1_16' title="bbox 79 1295 1347 1350; baseline -0.002 -14"><span class='ocrx_word' id='word_1_104' title='bbox 79 1311 282 1342; x_wconf 10' lang='lat' dir='ltr'>caussam?</span> <span class='ocrx_word' id='word_1_105' title='bbox 302 1307 444 1350; x_wconf 81' lang='lat' dir='ltr'>patet,</span> <span class='ocrx_word' id='word_1_106' title='bbox 496 1312 590 1336; x_wconf 84' lang='lat' dir='ltr'>cum</span> <span class='ocrx_word' id='word_1_107' title='bbox 630 1297 709 1336; x_wconf 72' lang='lat' dir='ltr'>alia</span> <span class='ocrx_word' id='word_1_108' title='bbox 739 1300 865 1336; x_wconf 81' lang='lat' dir='ltr'>etiam</span> <span class='ocrx_word' id='word_1_109' title='bbox 901 1295 1143 1336; x_wconf 79' lang='lat' dir='ltr'>animalium</span> <span class='ocrx_word' id='word_1_110' title='bbox 1172 1308 1347 1349; x_wconf 73' lang='lat' dir='ltr'>genera,</span> 
     </span>
     <span class='ocr_line' id='line_1_17' title="bbox 80 1370 1345 1426; baseline -0.005 -11"><span class='ocrx_word' id='word_1_111' title='bbox 80 1374 221 1415; x_wconf 82' lang='lat' dir='ltr'>eidem</span> <span class='ocrx_word' id='word_1_112' title='bbox 247 1387 338 1414; x_wconf 88' lang='lat' dir='ltr'>non</span> <span class='ocrx_word' id='word_1_113' title='bbox 367 1372 564 1420; x_wconf 79' lang='lat' dir='ltr'>obnoxia,</span> <span class='ocrx_word' id='word_1_114' title='bbox 592 1373 804 1423; x_wconf 77' lang='lat' dir='ltr'>vermibus</span> <span class='ocrx_word' id='word_1_115' title='bbox 832 1373 1104 1426; x_wconf 87' lang='lat' dir='ltr'>pulmonibus</span> <span class='ocrx_word' id='word_1_116' title='bbox 1134 1370 1345 1410; x_wconf 83' lang='lat' dir='ltr'>suffocen-</span> 
     </span>
     <span class='ocr_line' id='line_1_18' title="bbox 77 1448 1344 1513; baseline -0.005 -24"><span class='ocrx_word' id='word_1_117' title='bbox 77 1461 159 1498; x_wconf 87' lang='lat' dir='ltr'>tur,</span> <span class='ocrx_word' id='word_1_118' title='bbox 189 1450 265 1489; x_wconf 86' lang='lat' dir='ltr'>sed</span> <span class='ocrx_word' id='word_1_119' title='bbox 291 1451 350 1513; x_wconf 62' lang='lat' dir='ltr'>inx</span> <span class='ocrx_word' id='word_1_120' title='bbox 363 1448 500 1487; x_wconf 81' lang='lat' dir='ltr'>vitulis</span> <span class='ocrx_word' id='word_1_121' title='bbox 528 1448 757 1500; x_wconf 85' lang='lat' dir='ltr'>plurimum</span> <span class='ocrx_word' id='word_1_122' title='bbox 777 1450 831 1488; x_wconf 80' lang='lat' dir='ltr'>ad</span> <span class='ocrx_word' id='word_1_123' title='bbox 850 1449 1003 1488; x_wconf 86' lang='lat' dir='ltr'>horum</span> <span class='ocrx_word' id='word_1_124' title='bbox 1023 1449 1344 1503; x_wconf 82' lang='lat' dir='ltr'>generationem</span> 
     </span>
     <span class='ocr_line' id='line_1_19' title="bbox 75 1524 1343 1589; baseline -0.003 -26"><span class='ocrx_word' id='word_1_125' title='bbox 75 1525 272 1589; x_wconf 65' lang='lat' dir='ltr'>conferre</span> <span class='ocrx_word' id='word_1_126' title='bbox 299 1537 426 1576; x_wconf 88' lang='lat' dir='ltr'>posse</span> <span class='ocrx_word' id='word_1_127' title='bbox 453 1537 542 1562; x_wconf 88' lang='lat' dir='ltr'>non</span> <span class='ocrx_word' id='word_1_128' title='bbox 569 1526 814 1577; x_wconf 73' lang='lat' dir='ltr'>negandum·</span> <span class='ocrx_word' id='word_1_129' title='bbox 850 1536 921 1564; x_wconf 83' lang='lat' dir='ltr'>est.</span> <span class='ocrx_word' id='word_1_130' title='bbox 979 1524 1201 1578; x_wconf 81' lang='lat' dir='ltr'>Quidquid</span> <span class='ocrx_word' id='word_1_131' title='bbox 1231 1525 1343 1562; x_wconf 88' lang='lat' dir='ltr'>enim</span> 
     </span>
     <span class='ocr_line' id='line_1_20' title="bbox 12 1589 1343 1654; baseline -0.002 -17"><span class='ocrx_word' id='word_1_132' title='bbox 12 1589 25 1593; x_wconf 28' lang='lat'>⁸</span> <span class='ocrx_word' id='word_1_133' title='bbox 72 1595 327 1654; x_wconf 81' lang='lat' dir='ltr'>pulmonum</span> <span class='ocrx_word' id='word_1_134' title='bbox 356 1602 570 1652; x_wconf 77' lang='lat' dir='ltr'>energiam</span> <span class='ocrx_word' id='word_1_135' title='bbox 599 1599 814 1649; x_wconf 81' lang='lat' dir='ltr'>debilitat,</span> <span class='ocrx_word' id='word_1_136' title='bbox 853 1602 1080 1654; x_wconf 75' lang='lat' dir='ltr'>organismi</span> <span class='ocrx_word' id='word_1_137' title='bbox 1119 1610 1159 1637; x_wconf 88' lang='lat' dir='ltr'>et</span> <span class='ocrx_word' id='word_1_138' title='bbox 1187 1600 1343 1638; x_wconf 81' lang='lat' dir='ltr'>assimi-</span> 
     </span>
     <span class='ocr_line' id='line_1_21' title="bbox 71 1676 1343 1729; baseline -0.002 -14"><span class='ocrx_word' id='word_1_139' title='bbox 71 1676 240 1716; x_wconf 67' lang='lat' dir='ltr'>lationis</span> <span class='ocrx_word' id='word_1_140' title='bbox 268 1689 491 1728; x_wconf 86' lang='lat' dir='ltr'>processus</span> <span class='ocrx_word' id='word_1_141' title='bbox 532 1677 576 1715; x_wconf 88' lang='lat' dir='ltr'>in</span> <span class='ocrx_word' id='word_1_142' title='bbox 611 1676 757 1716; x_wconf 82' lang='lat' dir='ltr'>iisdem</span> <span class='ocrx_word' id='word_1_143' title='bbox 786 1676 1004 1729; x_wconf 70' lang='lat' dir='ltr'>infringit,</span> <span class='ocrx_word' id='word_1_144' title='bbox 1046 1678 1253 1724; x_wconf 84' lang='lat' dir='ltr'>vermium</span> <span class='ocrx_word' id='word_1_145' title='bbox 1283 1683 1343 1712; x_wconf 85' lang='lat' dir='ltr'>et-</span> 
     </span>
     <span class='ocr_line' id='line_1_22' title="bbox 72 1749 1342 1805; baseline -0.001 -16"><span class='ocrx_word' id='word_1_146' title='bbox 72 1754 156 1789; x_wconf 84' lang='lat' dir='ltr'>iam</span> <span class='ocrx_word' id='word_1_147' title='bbox 185 1754 361 1805; x_wconf 80' lang='lat' dir='ltr'>genesin</span> <span class='ocrx_word' id='word_1_148' title='bbox 390 1752 578 1803; x_wconf 79' lang='lat' dir='ltr'>adjuvat,</span> <span class='ocrx_word' id='word_1_149' title='bbox 609 1762 651 1791; x_wconf 82' lang='lat' dir='ltr'>et</span> <span class='ocrx_word' id='word_1_150' title='bbox 678 1751 904 1803; x_wconf 85' lang='lat' dir='ltr'>pulmones</span> <span class='ocrx_word' id='word_1_151' title='bbox 932 1751 1003 1790; x_wconf 87' lang='lat' dir='ltr'>lue</span> <span class='ocrx_word' id='word_1_152' title='bbox 1027 1749 1234 1791; x_wconf 70' lang='lat' dir='ltr'>exantlata</span> <span class='ocrx_word' id='word_1_153' title='bbox 1254 1761 1342 1788; x_wconf 84' lang='lat' dir='ltr'>ma-</span> 
     </span>
     <span class='ocr_line' id='line_1_23' title="bbox 73 1824 1340 1879; baseline -0.004 -15"><span class='ocrx_word' id='word_1_154' title='bbox 73 1827 183 1865; x_wconf 84' lang='lat' dir='ltr'>xime</span> <span class='ocrx_word' id='word_1_155' title='bbox 223 1825 463 1866; x_wconf 80' lang='lat' dir='ltr'>debilitatos</span> <span class='ocrx_word' id='word_1_156' title='bbox 506 1840 622 1874; x_wconf 86' lang='lat' dir='ltr'>esse,</span> <span class='ocrx_word' id='word_1_157' title='bbox 661 1825 947 1879; x_wconf 75' lang='lat' dir='ltr'>facillimeque</span> <span class='ocrx_word' id='word_1_158' title='bbox 975 1825 1134 1863; x_wconf 80' lang='lat' dir='ltr'>morbis</span> <span class='ocrx_word' id='word_1_159' title='bbox 1165 1824 1340 1875; x_wconf 82' lang='lat' dir='ltr'>corripi,</span> 
     </span>
     <span class='ocr_line' id='line_1_24' title="bbox 70 1894 1341 1955; baseline -0.003 -15"><span class='ocrx_word' id='word_1_160' title='bbox 70 1905 162 1955; x_wconf 88' lang='lat' dir='ltr'>ipse</span> <span class='ocrx_word' id='word_1_161' title='bbox 187 1905 235 1941; x_wconf 85' lang='lat' dir='ltr'>in</span> <span class='ocrx_word' id='word_1_162' title='bbox 261 1903 400 1942; x_wconf 88' lang='lat' dir='ltr'>vitulis</span> <span class='ocrx_word' id='word_1_163' title='bbox 422 1913 615 1955; x_wconf 81' lang='lat' dir='ltr'>expertus</span> <span class='ocrx_word' id='word_1_164' title='bbox 643 1917 745 1941; x_wconf 89' lang='lat' dir='ltr'>sum.</span> <span class='ocrx_word' id='word_1_165' title='bbox 801 1901 936 1940; x_wconf 79' lang='lat' dir='ltr'>Simili</span> <span class='ocrx_word' id='word_1_166' title='bbox 957 1910 1071 1940; x_wconf 79' lang='lat' dir='ltr'>certe</span> <span class='ocrx_word' id='word_1_167' title='bbox 1092 1894 1224 1938; x_wconf 61' lang='lat' dir='ltr'>mo&#39;do</span> <span class='ocrx_word' id='word_1_168' title='bbox 1246 1912 1341 1952; x_wconf 84' lang='lat' dir='ltr'>gre-</span> 
     </span>
     <span class='ocr_line' id='line_1_25' title="bbox 72 1972 1338 2032; baseline -0.004 -16"><span class='ocrx_word' id='word_1_169' title='bbox 72 1992 145 2032; x_wconf 80' lang='lat' dir='ltr'>ges</span> <span class='ocrx_word' id='word_1_170' title='bbox 186 1981 232 2017; x_wconf 87' lang='lat' dir='ltr'>in</span> <span class='ocrx_word' id='word_1_171' title='bbox 270 1980 401 2031; x_wconf 83' lang='lat' dir='ltr'>pratis</span> <span class='ocrx_word' id='word_1_172' title='bbox 443 1977 624 2018; x_wconf 87' lang='lat' dir='ltr'>humidis</span> <span class='ocrx_word' id='word_1_173' title='bbox 661 1979 851 2031; x_wconf 78' lang='lat' dir='ltr'>gramina</span> <span class='ocrx_word' id='word_1_174' title='bbox 889 1976 999 2015; x_wconf 76' lang='lat' dir='ltr'>mala</span> <span class='ocrx_word' id='word_1_175' title='bbox 1035 1985 1179 2028; x_wconf 76' lang='lat' dir='ltr'>pastae</span> <span class='ocrx_word' id='word_1_176' title='bbox 1215 1972 1338 2013; x_wconf 75' lang='lat' dir='ltr'>facile</span> 
     </span>
     <span class='ocr_line' id='line_1_26' title="bbox 70 2051 1337 2104; baseline -0.003 -12"><span class='ocrx_word' id='word_1_177' title='bbox 70 2051 155 2094; x_wconf 89' lang='lat' dir='ltr'>hoc</span> <span class='ocrx_word' id='word_1_178' title='bbox 180 2053 333 2094; x_wconf 85' lang='lat' dir='ltr'>morbo</span> <span class='ocrx_word' id='word_1_179' title='bbox 363 2053 616 2103; x_wconf 78' lang='lat' dir='ltr'>afficiuntur,</span> <span class='ocrx_word' id='word_1_180' title='bbox 639 2064 681 2093; x_wconf 90' lang='lat' dir='ltr'>et</span> <span class='ocrx_word' id='word_1_181' title='bbox 710 2053 783 2093; x_wconf 79' lang='lat' dir='ltr'>cel.</span> <span class='ocrx_word' id='word_1_182' title='bbox 818 2054 972 2104; x_wconf 81' lang='lat' dir='ltr'>Camp</span> <span class='ocrx_word' id='word_1_183' title='bbox 987 2055 1061 2090; x_wconf 86' lang='lat' dir='ltr'>eri</span> <span class='ocrx_word' id='word_1_184' title='bbox 1086 2051 1249 2090; x_wconf 85' lang='lat' dir='ltr'>villicus</span> <span class='ocrx_word' id='word_1_185' title='bbox 1277 2051 1337 2089; x_wconf 77' lang='lat' dir='ltr'>vi-</span> 
     </span>
     <span class='ocr_line' id='line_1_27' title="bbox 72 2125 1337 2181; baseline -0.005 -13"><span class='ocrx_word' id='word_1_186' title='bbox 72 2129 168 2170; x_wconf 84' lang='lat' dir='ltr'>tulis</span> <span class='ocrx_word' id='word_1_187' title='bbox 197 2141 294 2169; x_wconf 87' lang='lat' dir='ltr'>octo</span> <span class='ocrx_word' id='word_1_188' title='bbox 322 2131 423 2171; x_wconf 83' lang='lat' dir='ltr'>inde</span> <span class='ocrx_word' id='word_1_189' title='bbox 453 2130 629 2179; x_wconf 80' lang='lat' dir='ltr'>affectis,</span> <span class='ocrx_word' id='word_1_190' title='bbox 658 2143 682 2170; x_wconf 82' lang='lat' dir='ltr'>a</span> <span class='ocrx_word' id='word_1_191' title='bbox 708 2140 834 2181; x_wconf 77' lang='lat' dir='ltr'>prato</span> <span class='ocrx_word' id='word_1_192' title='bbox 865 2125 1337 2173; x_wconf 82' lang='lat' dir='ltr'>eosdemsemovendo,</span> 
     </span>
     <span class='ocr_line' id='line_1_28' title="bbox 71 2202 1335 2258; baseline -0.005 -15"><span class='ocrx_word' id='word_1_193' title='bbox 71 2214 114 2243; x_wconf 86' lang='lat' dir='ltr'>et</span> <span class='ocrx_word' id='word_1_194' title='bbox 140 2206 383 2246; x_wconf 83' lang='lat' dir='ltr'>in·stabulis</span> <span class='ocrx_word' id='word_1_195' title='bbox 411 2207 542 2246; x_wconf 79' lang='lat' dir='ltr'>foeno</span> <span class='ocrx_word' id='word_1_196' title='bbox 570 2205 813 2258; x_wconf 71' lang='lat' dir='ltr'>pascendo,</span> <span class='ocrx_word' id='word_1_197' title='bbox 851 2204 958 2243; x_wconf 85' lang='lat' dir='ltr'>duos</span> <span class='ocrx_word' id='word_1_198' title='bbox 997 2214 1158 2241; x_wconf 73' lang='lat' dir='ltr'>tantum</span> <span class='ocrx_word' id='word_1_199' title='bbox 1187 2202 1335 2247; x_wconf 81' lang='lat' dir='ltr'>amisit,</span> 
     </span>
     <span class='ocr_line' id='line_1_29' title="bbox 71 2278 1334 2337; baseline -0.002 -19"><span class='ocrx_word' id='word_1_200' title='bbox 71 2280 184 2319; x_wconf 78' lang='lat' dir='ltr'>conf.</span> <span class='ocrx_word' id='word_1_201' title='bbox 229 2280 302 2319; x_wconf 89' lang='lat' dir='ltr'>cel.</span> <span class='ocrx_word' id='word_1_202' title='bbox 339 2283 431 2320; x_wconf 83' lang='lat' dir='ltr'>Viri</span> <span class='ocrx_word' id='word_1_203' title='bbox 471 2282 675 2321; x_wconf 81' lang='lat' dir='ltr'>Kleinere</span> <span class='ocrx_word' id='word_1_204' title='bbox 713 2280 920 2337; x_wconf 63' lang='lat' dir='ltr'>Schriften</span> <span class='ocrx_word' id='word_1_205' title='bbox 961 2278 1056 2317; x_wconf 88' lang='lat' dir='ltr'>Vol.</span> <span class='ocrx_word' id='word_1_206' title='bbox 1094 2285 1131 2324; x_wconf 76' lang='grc'>5.</span> <span class='ocrx_word' id='word_1_207' title='bbox 1173 2292 1216 2329; x_wconf 86' lang='lat' dir='ltr'>p.</span> <span class='ocrx_word' id='word_1_208' title='bbox 1246 2278 1334 2317; x_wconf 82' lang='lat'>208.</span> 
     </span>
     <span class='ocr_line' id='line_1_30' title="bbox 71 2352 1337 2407; baseline -0.004 -13"><span class='ocrx_word' id='word_1_209' title='bbox 71 2354 216 2395; x_wconf 79' lang='lat' dir='ltr'>Daub</span> <span class='ocrx_word' id='word_1_210' title='bbox 231 2359 484 2396; x_wconf 84' lang='lat' dir='ltr'>entonius</span> <span class='ocrx_word' id='word_1_211' title='bbox 515 2372 538 2398; x_wconf 91' lang='lat' dir='ltr'>e</span> <span class='ocrx_word' id='word_1_212' title='bbox 563 2367 709 2396; x_wconf 79' lang='lat' dir='ltr'>contra</span> <span class='ocrx_word' id='word_1_213' title='bbox 731 2357 858 2396; x_wconf 77' lang='lat' dir='ltr'>ovilia</span> <span class='ocrx_word' id='word_1_214' title='bbox 885 2355 1075 2407; x_wconf 80' lang='lat' dir='ltr'>undique</span> <span class='ocrx_word' id='word_1_215' title='bbox 1097 2363 1207 2393; x_wconf 67' lang='lat' dir='ltr'>tecta</span> <span class='ocrx_word' id='word_1_216' title='bbox 1223 2352 1337 2391; x_wconf 84' lang='lat' dir='ltr'>dam-</span> 
     </span>
     <span class='ocr_line' id='line_1_31' title="bbox 70 2421 1336 2487; baseline -0.002 -17"><span class='ocrx_word' id='word_1_217' title='bbox 70 2431 212 2471; x_wconf 76' lang='lat' dir='ltr'>nando</span> <span class='ocrx_word' id='word_1_218' title='bbox 226 2460 240 2483; x_wconf 81' lang='lat'>,</span> <span class='ocrx_word' id='word_1_219' title='bbox 275 2445 426 2487; x_wconf 83' lang='lat' dir='ltr'>greges</span> <span class='ocrx_word' id='word_1_220' title='bbox 453 2435 499 2473; x_wconf 84' lang='lat' dir='ltr'>in</span> <span class='ocrx_word' id='word_1_221' title='bbox 526 2431 638 2473; x_wconf 88' lang='lat' dir='ltr'>hisce</span> <span class='ocrx_word' id='word_1_222' title='bbox 665 2432 778 2473; x_wconf 83' lang='lat' dir='ltr'>malo</span> <span class='ocrx_word' id='word_1_223' title='bbox 814 2431 1065 2486; x_wconf 84' lang='lat' dir='ltr'>pulmonum</span> <span class='ocrx_word' id='word_1_224' title='bbox 1092 2421 1336 2472; x_wconf 82' lang='lat' dir='ltr'>verminoso</span> 
     </span>
    </p>
   </div>
  </div>
 </body>
</html>
