1801 3066
499 121 549 159 66

627 294 752 347 VII.
833 294 1285 366 Monograplziae
1335 292 1632 347 Verminam.
1693 302 1695 304 ’

924 435 994 487 A.
1061 437 1111 484 F
1114 436 1268 483 ilari
1278 451 1327 485 α’.

829 582 873 607 a.
927 567 1100 607 Filaria
1148 567 1425 619 medimna-is,

601 669 836 708 Innumeris
863 665 988 713 locis,
1018 667 1265 717 praesertim
1292 669 1335 704 ,in
1354 665 1668 718 hodoeporicis,
1702 667 1755 715 de

498 745 649 786 eadem
687 746 845 797 agitur,
887 751 935 780 ut
970 751 1143 793 praeter
1168 739 1500 794 Monographias
1536 742 1753 782 selectiora

493 830 658 861 tantum
685 818 911 858 attulerim.
940 817 1062 856 Conf.
1090 831 1131 855 n.
1160 817 1249 869 629.

495 905 584 945 204.
614 897 680 935 De
718 893 998 935 Dracunculis
1036 894 1157 945 Disp.
1184 893 1283 932 'med
1320 896 1459 948 inaug,
1485 908 1613 948 prop.
1642 909 1667 935 a
1693 895 1748 936 M.

547 970 623 1011 Ge
639 984 743 1024 org.
772 960 1036 1018 Cuuelio,
1063 969 1185 1008 Basil.
1219 966 1328 1022 1589.

625 1047 796 1084 Recusa
835 1048 879 1084 in
916 1044 1042 1084 Vels
1056 1043 1160 1083 chii
1203 1045 1310 1087 libro
1350 1047 1402 1085 de
1437 1060 1544 1087 vena
1571 1048 1681 1087 med.
1707 1062 1749 1103 p.

545 1127 623 1175 395
643 1145 660 1153 -
680 1126 769 1172 400.
797 1121 824 1147 '³‘
870 1120 1023 1160 nullius
1059 1123 1285 1167 momenti,
1333 1122 1609 1164 dracunculos
1640 1126 1748 1163 enim

545 1212 622 1237 seu
649 1196 799 1236 filarias
831 1211 925 1235 curn
952 1196 1192 1235 crinonibus
1220 1196 1288 1235 vel
1316 1198 1620 1238 comedonibus
1648 1212 1747 1239 con-

546 1274 698 1313 fundit.

494 1354 582 1394 205.
609 1345 760 1387 Henr.
788 1349 1047 1393 Warenii,
1076 1361 1184 1398 resp.
1213 1348 1376 1396 Fossio,
1404 1351 1512 1388 Diss.
1544 1348 1598 1388 de
1620 1351 1745 1388 Lum-

543 1424 665 1462 bricis
692 1421 980 1463 Dracunculis.
1008 1421 1124 1459 Rost.
1158 1422 1268 1468 1603.
1296 1427 1333 1472 4.
1364 1421 1642 1462 Boehmer.

493 1499 582 1540 206.
612 1501 696 1538 Ge.
733 1500 946 1537 Hieron.
976 1495 1101 1534 Vels
1116 1495 1219 1534 chii
1253 1498 1506 1538 Exercitatio
1546 1500 1599 1539 de
1637 1514 1743 1541 vena

542 1574 799 1620 medinensi,
827 1573 1093 1610 adementem
1119 1571 1329 1611 Ebnsinae
1359 1576 1445 1612 sive
1474 1569 1528 1612 de
1555 1571 1745 1615 Dracun-

544 1648 645 1688 culis
673 1651 876 1688 Veterum
903 1649 1116 1698 specimen
1154 1646 1349 1686 exhibens
1377 1661 1514 1687 novae
1538 1652 1741 1689 versionis

544 1740 594 1765 ex
619 1723 800 1765 Arabico
840 1737 935 1762 curn
972 1725 1272 1761 commentario
1300 1723 1509 1763 uberiori
1569 1727 1649 1763 Cui
1676 1740 1740 1765 ac-

545 1802 661 1841 cedit
692 1800 822 1839 altera
859 1794 913 1837 de
956 1797 1168 1837 vermibus
1215 1798 1479 1850 capillaribus
1520 1801 1736 1851 infantum.

541 1877 650 1931 Aug.
689 1876 813 1915 vind.
845 1875 954 1926 1674.
982 1875 1070 1925 456.
1098 1883 1139 1925 p.
1170 1884 1340 1925 praeter
1368 1875 1538 1915 indices.
1566 1882 1605 1929 4.
1642 1887 1736 1919 'cum

542 1952 655 1991 tabb.
684 1965 771 1991 aen.
800 1948 825 1976 ⁴³
879 1953 972 1990 Viri
1001 1951 1227 1989 doct-issimi
1257 1963 1387 2001 opus,
1424 1953 1468 1990 in
1494 1962 1581 2005 quo
1608 1953 1736 2006 pinni-

543 2042 612 2067 ma
641 2028 828 2081 undique
865 2026 1039 2065 collecta
1072 2027 1269 2064 invenies.
1325 2027 1486 2066 Venam
1520 2030 1735 2070 medinen-

544 2118 631 2142 sem
657 2116 844 2142 vermem
872 2117 961 2142 esse
991 2103 1152 2150 evincit,
1180 2100 1263 2140 hoc
1291 2103 1464 2155 quidem
1490 2116 1630 2154 recte,
1657 2108 1734 2146 sed

545 2179 784 2218 crinonibus
825 2180 934 2229 (sive
963 2174 1286 2229 comedonibus)
1320 2181 1445 2218 vitam
1478 2183 1636 2232 pariter
1664 2186 1732 2222 tri-

544 2255 656 2303 buit,
694 2254 823 2306 idque
857 2266 1088 2305 perperam.
1152 2249 1376 2292 'Variorum
1403 2254 1640 2295 animalium
1666 2258 1735 2296 Fi·-

542 2330 662 2381 larias
690 2329 812 2368 simul
838 2339 1049 2376 recenset,
1088 2328 1285 2379 falconis,
1323 2329 1521 2380 alaudae,
1560 2333 1729 2373 cardue-

541 2405 613 2453 lis,
650 2408 832 2457 psi'ttaci;
866 2404 980 2443 idem
1005 2416 1108 2443 vero
1138 2407 1264 2444 astaci
1290 2416 1331 2444 et
1358 2404 1501 2446 helicis
1529 2416 1626 2446 vasa
1657 2420 1728 2462 ge-
