1801 3066
1286 149 1334 189 15

168 257 329 308 species
357 252 559 306 plurimas
589 246 774 295 addidit,
812 247 857 284 in
892 245 1133 287 nominibus
1170 259 1333 290 mutan·

168 333 230 370 dis
259 344 349 370 non
375 337 536 380 parcus.
592 323 741 361 Icones
769 321 921 360 bonae.

63 415 126 457 28.
155 404 516 456 Beobachtungen
535 398 641 438 iiber
672 397 742 437 die
759 396 1226 452 Eingeweidewiirmer
1248 416 1334 441 von

114 482 248 526 Karl
301 475 538 518 Asmund
590 472 916 526 Rudolphi.
989 473 1065 512 In:
1120 476 1334 518 VViede-

114 538 314 599 rnann’s
359 553 537 592 Archiv
568 552 654 603 fiir
691 550 914 601 Zoologie
949 549 1045 588 und
1071 551 1332 598 Zoocomie,

114 644 305 688 zweyten
331 629 496 669 Bandes
527 638 678 667 erstem
708 626 844 666 Sttzck.
872 626 1199 683 Braunschweig
1226 637 1335 676 1801.

78 730 82 733 <
113 718 150 758 3,
178 725 219 764 p.
252 708 370 751 1-65.
400 706 425 731 ’Κ
477 705 598 744 Hanc
626 714 786 743 tantum
815 704 1118 743 dissertationis
1147 717 1336 757 partem,

116 787 170 826 de
200 793 423 841 systemate
452 792 674 836 agentem,
720 782 788 819 hic
814 794 1045 829 recenseo,
1075 780 1266 835 reliquae
1294 787 1338 823 in

116 866 303 902 sectione
340 861 534 912 proxima
572 860 636 911 (n.
668 857 754 911 76.)
795 856 1000 896 dicentur.
1054 858 1215 897 Auctor
1244 875 1338 899 ver-

112 942 245 978 mium
280 936 484 975 fabricam
521 946 563 975 et
599 938 709 975 vitae
753 935 963 972 rationem
1002 948 1218 986 exponere
1247 946 1337 975 ten-

114 1025 405 1068 tat,*genera
443 1011 494 1052 ab
536 1011 774 1052 auctoribus
813 1009 994 1048 stabilita
1023 1014 1253 1060 examinat,
1299 1024 1338 1052 et

114 1091 368 1145 quibusdam
388 1092 586 1138 rescissis,
613 1092 820 1141 novisque
850 1085 937 1126 aliis
958 1086 1125 1138 additis,
1148 1090 1339 1127 omnium

117 1166 383 1207 characteres
411 1169 635 1220 proponit.

63 1256 125 1297 29.
156 1240 346 1299 Systerne
384 1244 459 1282 des
500 1246 695 1282 animaux
734 1256 828 1281 sans
865 1239 1114 1292 vertebres,
1171 1257 1228 1282 ou
1256 1244 1340 1282 Ta—

111 1319 242 1359 bleau
272 1317 445 1375 general
473 1319 546 1358 des
577 1318 750 1366 classes,
779 1319 853 1357 des
882 1319 1033 1358 ordres
1064 1330 1106 1358 et
1134 1319 1209 1358 des
1240 1334 1342 1374 gen-

115 1409 185 1434 res
221 1396 276 1434 de
328 1406 396 1431 ces
445 1396 650 1431 animaux.
724 1394 805 1431 Par
841 1393 875 1432 J.
912 1395 958 1432 B.
994 1396 1112 1433 Lam
1127 1395 1262 1434 arck.
1288 1426 1290 1429 .
1320 1390 1344 1434 ὲ

118 1471 231 1510 Paris
271 1483 326 1508 an
361 1468 435 1507 IX.
482 1475 593 1513 1801.
630 1472 719 1517 432.
756 1482 798 1519 p.
836 1475 874 1515 8.
913 1471 940 1494 ³³
1020 1471 1114 1509 Huc
1151 1482 1343 1523 spectant

117 1558 159 1597 p.
187 1548 388 1594 531-540.
444 1544 619 1581 Vermes
656 1542 918 1582 intestinales
948 1547 994 1583 in
1021 1545 1197 1597 planos,
1235 1551 1344 1587 vesi-

118 1620 280 1660 culares
323 1628 366 1658 et
403 1629 561 1658 teretes
607 1619 782 1665 dividit;
839 1633 998 1673 genera
1044 1623 1190 1661 condit
1230 1622 1344 1665 no'va

115 1697 332 1736 Fissulam
373 1695 704 1751 (Cystidicolam
748 1695 780 1734 F
791 1694 995 1736 ischeri
1041 1708 1082 1736 et
1130 1699 1344 1740 Gordium

117 1774 404 1814 intestinalem
430 1771 675 1824 Blochii)
705 1784 787 1812 nec
814 1787 900 1817 non
922 1775 1164 1814 Crinonem
1183 1779 1344 1830 (Str-on-

122 1851 266 1907 gylum
313 1853 411 1905 equi
462 1860 667 1889 armatum
710 1864 734 1889 a
789 1849 1060 1891 Chaberto
1118 1862 1161 1892 et
1212 1856 1344 1896 Bru-

121 1930 308 1982 guiere
356 1937 398 1965 et
440 1926 613 1980 reliquis
651 1926 781 1966 Gallis
826 1942 922 1967 cum
968 1929 1123 1969 Filaria
1165 1929 1342 1985 aliisque

120 2002 332 2042 vermibus
364 2003 637 2055 confusum),
677 2015 858 2045 entozoa
887 2017 1075 2048 ceterum
1113 2010 1206 2060 ipse
1233 2018 1344 2049 nun-

121 2094 248 2134 quam
278 2079 540 2130 observavit,
567 2095 648 2121 nec
673 2084 754 2121 nisi
782 2083 956 2124 aliunde
984 2085 1239 2138 compilavit.

60 2135 134 2201 rgo.
175 2157 362 2196 Histoire
412 2157 618 2198 naturelle
669 2159 742 2199 des
784 2160 913 2211 Vers,
970 2174 1201 2204 contenant
1250 2165 1344 2205 leur

125 2232 385 2286 description
414 2245 456 2274 et
480 2235 595 2275 leurs
625 2250 794 2276 moeurs
823 2252 926 2287 avec
946 2238 1102 2294 figures
1126 2239 1343 2282 dessinees

127 2307 295 2360 d’apres
330 2322 490 2353 nature.
545 2314 625 2352 Par
661 2315 707 2353 L.
745 2315 797 2354 Gt
832 2317 880 2355 A.
909 2317 1051 2356 Bosc.
1088 2318 1137 2356 T.
1156 2318 1290 2359 '1-111.
1321 2316 1342 2358 ἐι

124 2385 239 2424 Paris
269 2399 323 2425 an
348 2389 402 2428 X.
430 2392 591 2443 (1802.)
619 2393 664 2430 in
697 2406 755 2431 12.
784 2394 811 2419 *
878 2394 972 2433 Huc
998 2391 1218 2447 pertinent
1246 2397 1295 2438 Τ.
1311 2397 1342 2438 Ι.

124 2474 166 2513 p.
200 2464 407 2511 113-136.
448 2468 735 2521 (generalia);
772 2484 813 2524 p.
843 2471 1045 2524 265-324.
1081 2475 1342 2529 (descriptio
