1801 3066
1303 166 1350 205 Ι9

132 271 171 316 4.
202 263 298 302 Vol.
327 275 364 315 7.
392 264 438 299 in
468 265 505 305 8.
561 256 616 294 ib.
650 255 762 307 1762.
818 254 1004 293 Venezia
1036 257 1148 307 1742.
1204 268 1228 308 7
1249 256 1349 296 Vol.

189 414 325 454 Multa
366 410 447 448 huc
493 421 582 447 non
624 407 811 456 faciunt,
875 418 1029 458 magna
1074 415 1214 447 tamen
1253 408 1350 448 libri

135 504 230 544 pars
273 484 515 527 animalium
560 498 584 523 a
624 488 717 523 viro
763 481 918 535 lynceo
950 483 1230 521 dissectorum
1261 501 1352 524 ver.

134 578 221 604 mes
273 565 389 601 sistit.
472 561 638 599 Horum
694 561 935 610 paucissimi
988 559 1109 597 nobis
1167 565 1349 613 cogniti,

135 655 228 680 cum
268 635 630 690 Helminthologi,
686 634 770 674 hoc
811 640 983 674 nomine
1034 635 1174 689 digni,
1233 648 1352 675 ento-

136 732 214 756 zoa
252 716 341 754 fere
381 713 571 753 borealia
618 722 780 750 tantum
832 715 1182 761 examinaverint,
1232 713 1370 752 Italia.

137 806 265 841 vero,
328 789 518 842 plurimis
559 798 601 828 et
641 791 885 827 anatomicis
925 793 966 827 et
993 799 1168 827 naturae
1198 801 1353 828 scruta-

137 868 297 908 toribus
337 871 492 906 merito
535 860 835 914 celeberrima,
890 860 1052 904 nullum
1097 874 1237 904 tamen
1276 866 1353 904 ob-

137 945 283 984 tulerit
321 946 472 988 virum,
528 945 600 995 qui
629 955 794 980 vermes
823 940 1084 981 intestinales
1125 956 1149 980 a
1185 943 1353 981 Redio

136 1022 327 1060 detectos
397 1019 677 1058 examinando
744 1028 785 1056 et
855 1018 1167 1067 describendo,
1242 1022 1352 1058 votis

137 1100 292 1137 nostris
340 1095 606 1134 satisfecerit.
693 1095 789 1132 Hoc
849 1108 901 1133 eo
958 1097 1089 1147 magis
1146 1095 1356 1134 admiran-

135 1174 263 1222 dum,
329 1172 450 1224 quod
507 1172 697 1210 Goezii
750 1172 949 1210 Museum
1006 1170 1359 1227 helminthologi«

139 1263 259 1297 cum,
297 1248 436 1290 Ticini
468 1258 750 1296 asservatum,-
777 1246 934 1286 multos
960 1249 1004 1284 in
1033 1248 1145 1286 idem
1171 1250 1356 1288 studium

137 1325 307 1364 allicere
348 1324 575 1364 debuisset.
661 1325 879 1376 Quantum
921 1337 968 1362 ex
1016 1325 1178 1362 Redii
1223 1328 1357 1363 iconi-

136 1402 214 1439 bus
253 1399 428 1437 rudibus
467 1409 508 1437 et
556 1398 913 1448 descriptionibus
955 1398 1207 1438 brevissimis
1253 1402 1357 1452 diju-

140 1478 283 1515 dicare
322 1474 445 1521 licet,
501 1476 605 1511 varii
654 1487 818 1511 vermes
868 1472 918 1510 ab
970 1487 1021 1511 eo
1073 1474 1205 1512 oblati
1243 1490 1357 1516 nova

139 1555 290 1588 sistunt
330 1562 513 1602 genera,
555 1561 638 1599 qua
679 1557 846 1598 partem
887 1550 1066 1585 maxime
1106 1551 1358 1602 singularia;

143 1623 421 1664 Gmelinus
459 1624 704 1662 Rediana
748 1623 959 1675 quaedam
1003 1623 1214 1675 explicare
1265 1637 1358 1666 ten-

137 1701 262 1748 tavit,
319 1699 396 1738 sed
434 1699 593 1755 infelici
625 1699 901 1751 utplurimum
932 1709 1104 1744 eventu;
1163 1704 1306 1741 omnia
1334 1717 1358 1742 a

137 1789 232 1824 me,
262 1789 338 1813 suo
370 1776 514 1827 quoad
540 1775 632 1814 fieri
659 1777 819 1827 poterit
845 1774 944 1814 loco
977 1776 1182 1815 dicentur.

89 1859 151 1900 35.
178 1850 338 1892 Marc.
380 1851 680 1905 Malpigh1i
726 1852 871 1903 Opera
905 1851 1144 1904 posthuma.
1195 1849 1358 1897 Amste-

141 1929 227 1968 lod.
263 1928 374 1979 1693.
403 1932 440 1978 4.
470 1929 495 1953 ⁹<
549 1929 687 1966 Variis
719 1928 772 1967 de
802 1929 1015 1967 vermibus
1045 1944 1087 1981 p.
1113 1945 1185 1968 112
1216 1943 1257 1970 et
1286 1942 1359 1981 113

142 2007 246 2058 flgit3
285 2005 480 2042 Distoma'
516 2000 780 2057 hepaticum,
821 2006 938 2058 quod
977 2008 1103 2044 etiam
1138 2009 1183 2046 in
1221 2007 1359 2048 homi·

141 2085 205 2120 nis
243 2084 387 2132 jecore
433 2092 657 2120 occurrere
702 2082 848 2130 tradit,-
904 2092 1134 2134 perperam
1168 2098 1358 2124 vermem

145 2157 453 2196 cucurbitinum
481 2168 630 2204 vocat:
677 2161 757 2197 suis
787 2158 1012 2212 grandines
1041 2169 1226 2200 vermem
1258 2173 1360 2202 con-

146 2236 304 2283 tinere,
360 2236 472 2285 cujus
512 2237 636 2273 etiam
674 2234 903 2286 capitulum
932 2237 1084 2286 refert,
1141 2244 1189 2275 ut
1225 2240 1359 2278 Mal-

147 2309 390 2362 pighium
427 2310 541 2350 forte
578 2321 675 2350 ante
723 2312 1108 2351 Hartmannum
1151 2316 1358 2369 Cysticer-

150 2399 244 2423 cum
273 2383 383 2423 hunc
411 2390 578 2426 novisse
608 2388 885 2434 crediderim3
917 2388 1142 2444 hydatides
1174 2396 1360 2432 erinacei

149 2475 244 2501 cum
272 2461 481 2501 vermibus
511 2466 740 2512 contentis,
786 2467 843 2503 ita
874 2476 1014 2504 tamen
1042 2478 1089 2505 ut
1117 2469 1193 2507 cel.
1222 2472 1360 2508 virum
1411 2507 1419 2518 ,

888 2543 920 2578 Β
953 2556 974 2578 2
