1801 3066
464 146 514 184 62

518 265 613 291 cum
651 254 789 291 icone.
858 252 1063 292 Taeniam
1100 254 1318 309 vulgarem
1355 257 1594 299 Linnaei
1635 275 1730 300 cum

515 327 564 366 T.
594 327 679 367 lata
719 328 827 369 bene
868 332 1095 384 conjungit.
1154 333 1274 385 Quae
1315 333 1368 371 de
1406 338 1610 374 vermium
1659 351 1730 390 ge-

513 407 607 444 nesi
645 405 947 458 proferuntur,
990 406 1126 445 futilia
1169 419 1272 446 sunt.
1331 411 1507 450 Vermes
1550 410 1729 451 hominis

513 484 650 521 minus
668 477 878 536 *vulgares
911 483 1102 522 excludit.
1158 485 1345 522 practica
1380 484 1478 524 libri
1515 502 1610 539 pars
1641 503 1730 528 me-

511 557 630 597 lioris
659 568 813 607 notae,
860 559 1070 598 vermibus
1102 570 1242 598 tamen
1270 561 1443 600 morbos
1471 567 1625 604 nimios
1660 568 1730 604 tri—

513 635 616 673 buit.
671 634 819 672 Icones
849 634 941 674 fere
972 651 1116 675 omnes
1157 637 1326 676 aliunde
1350 649 1600 683 mutuatae„
1629 643 1728 681 Edi-

513 720 582 750 tor
613 714 874 765 ge1·111auicus
904 715 1154 763 paucissima
1182 714 1340 766 adjecit.

467 884 575 940 VI.
628 885 723 934 De
759 882 1097 935 am'malimn
1142 883 1577 959 domesticorum·
1609 907 1727 940 ver-

994 978 1188 1029 millias.

461 1099 545 1155 196.
586 1100 632 1137 L.
672 1098 704 1136 J.
743 1098 801 1137 M.
844 1096 1159 1137 Columella
1197 1100 1335 1150 (videz
1387 1102 1623 1154 Scriptores
1661 1105 1726 1141 rei

507 1177 691 1214 rusticae
730 1175 908 1213 Veteres
956 1174 1128 1212 Latinos
1161 1199 1179 1205 -
1210 1188 1382 1215 curante
1425 1178 1497 1216 Jo.
1537 1177 1723 1217 Matth.

511 1252 774 1290 Gesnero.
830 1249 908 1288 Ed.
949 1251 1116 1289 secund.
1156 1253 1266 1303 Lips.
1311 1259 1420 1304 1775.
1471 1255 1520 1292 T.
1549 1254 1579 1292 Ι.
1609 1260 1645 1304 ί...
1676 1256 1724 1308 ³‘)

508 1326 738 1367 vitulorum
787 1325 879 1375 (lib.
910 1326 979 1363 VI.
1031 1340 1117 1376 cap.
1149 1329 1282 1364 XXV.
1327 1342 1366 1379 p.
1396 1329 1509 1382 630.)
1557 1344 1723 1370 vermes

507 1402 666 1449 refert,
716 1410 829 1437 certe
878 1400 1095 1438 Ascarides
1141 1400 1461 1449 lumbricoides3
1515 1418 1724 1457 equorum

511 1480 637 1518 etiam
666 1475 742 1528 (ib.
769 1490 800 1514 c.
832 1477 969 1514 XXX.
998 1490 1038 1528 p.
1062 1477 1165 1529 656.)
1197 1481 1315 1530 quasi
1333 1478 1563 1520 lumbricos
1582 1481 1721 1533 habet,

508 1554 655 1595 forsan
684 1561 925 1591 oestrorum
947 1551 1093 1590 larvas.
1313 1547 1327 1553 l

459 1644 545 1685 197.
576 1631 841 1682 Vegetius
871 1628 1254 1680 (Mulomedicinae
1283 1628 1372 1667 Lib.
1401 1628 1430 1668 I.
1462 1632 1563 1684 Cap.
1578 1634 1718 1672 XLIV.

509 1708 657 1757 Script.
694 1707 757 1743 rei
795 1715 895 1743 rust.
928 1705 992 1743 ed.
1023 1707 1086 1743 cit.
1126 1705 1173 1743 T.
1204 1705 1251 1743 II.
1282 1720 1321 1757 p.
1353 1720 1440 1745 200.
1470 1707 1518 1759 '‘)
1547 1721 1720 1760 praeter

506 1781 735 1822 lumbricos
778 1796 984 1834 equorum
1023 1791 1064 1820 et
1102 1781 1279 1820 tineolas
1316 1782 1469 1833 refert,
1508 1798 1610 1837 quas
1651 1787 1721 1826 alii

505 1858 728 1911 pediculos
760 1856 980 1911 appellant.
1048 1858 1239 1911 Coagula
1278 1869 1319 1897 et
1349 1859 1629 1912 aqualiculum
1655 1855 1721 1902 in’-

507 1946 571 1975 tus
614 1935 795 1974 erodere
835 1945 876 1974 et
903 1934 1079 1974 vulnera
1116 1934 1256 1973 facere
1287 1936 1426 1984 addim
1464 1947 1510 1975 ut
1538 1939 1716 1979 tineolas

507 2010 590 2050 hoc
627 2010 725 2050 loco
754 2026 835 2065 pro
867 2015 996 2050 oestri
1023 2011 1149 2050 larvis
1178 2009 1380 2061 habeam,
1419 2016 1454 2052 si
1491 2027 1558 2052 res
1588 2014 1716 2054 dubia

507 2092 793 2141 conjecturam
818 2089 1007 2128 admittit.
1064 2090 1186 2142 Quae
1215 2088 1291 2139 (ib.
1324 2091 1425 2141 Cap.
1447 2090 1531 2128 LII.
1553 2105 1593 2142 p.
1611 2096 1715 2145 205.)

505 2166 560 2205 de
599 2165 809 2205 vermibus
849 2180 898 2205 ex
924 2167 1121 2204 intestino
1150 2178 1296 2204 manus
1327 2179 1411 2218 ope
1451 2163 1714 2206 extrahendis

504 2253 671 2292 narrat,
711 2241 847 2282 adhuc
873 2245 1004 2296 magis
1035 2241 1213 2280 obscura
1241 2253 1347 2281 sunt.
1401 2241 1497 2281 Alio
1529 2243 1714 2296 denique

503 2317 602 2358 loco
644 2319 736 2371 (lib.
765 2319 834 2358 III.
876 2333 963 2371 cap.
995 2332 1029 2356 2.
1067 2332 1107 2370 p.
1137 2321 1250 2370 250.)
1290 2319 1364 2357 sub
1403 2322 1610 2358 vermium
1637 2335 1714 2359 no-

505 2397 618 2434 mine
657 2397 711 2435 de
739 2411 975 2447 muscarum
1006 2405 1047 2434 et
1076 2397 1206 2433 oestri
1243 2395 1368 2434 larvis
1405 2394 1594 2450 loquitur
1620 2386 1712 2436 vul-

504 2484 610 2511 nera
637 2481 709 2511 aut
738 2483 876 2512 cutem
903 2472 1035 2512 boum
1061 2471 1361 2512 infestantjbm.
