1801 3066
1255 178 1333 222 559

148 277 335 328 Argum.
363 275 414 316 V.
467 271 644 312 Eadem
664 272 914 325 saepissime
936 276 1219 314 existentiam
1237 290 1330 314 non

221 351 431 405 prodere,
459 363 542 388 nec
569 361 735 401 corpus,
753 349 908 401 inquo
930 348 1110 398 degant,
1131 351 1327 392 laedere.

144 430 291 480 Aeque
317 439 463 481 grave,
498 438 577 466 nee
604 425 769 464 silentio
806 425 1172 477 praetereundum.
1227 428 1327 466 Ani-

68 503 191 543 malia
211 505 455 541 extrinsecus
484 501 610 549 illata,
639 503 719 539 nisi
747 502 938 539 citissime
966 499 1240 548 eliminantur,
1261 503 1326 540 vel

65 581 249 630 corporis
275 581 404 631 ipsius
432 578 579 617 caloris
606 576 740 630 gradu
765 575 913 615 iisdem
948 575 1225 623 intolerabili,
1261 579 1327 616 vel

64 655 282 693 ventriculi
310 665 349 694 et
376 657 666 693 intestinorum
693 655 735 691 vi
762 652 964 707 digestiva
998 662 1202 704 pereunt,
1233 652 1326 692 hos-

63 733 167 782 pites
195 744 290 770 suos
317 733 467 770 mirum
495 732 541 767 in
567 728 745 767 modum
782 731 970 767 cruciant
1006 738 1047 767 et
1086 738 1323 777 extenuant,

63 818 108 846 ut
133 820 212 846 nec
239 808 315 847 sub
345 815 454 853 cute,
482 818 562 844 nec
588 807 632 844 in
659 805 914 852 ventriculo,
949 817 1028 844 nec
1057 805 1155 843 alibi
1184 807 1326 858 quieta

62 885 155 930 sint,
183 886 260 922 nisi
289 892 520 921 oestrorum
546 881 688 920 forsan
709 881 860 928 larvae,
888 883 932 920 in
955 880 1199 920 animalibus
1224 879 1325 918 edu-

64 960 245 1007 candae,
266 962 402 1012 iisque
428 960 559 1012 magis
593 959 811 1009 propriae,
851 960 1007 996 minori
1044 959 1167 1008 copia
1201 968 1324 1007 prae-

60 1045 205 1083 sentes,
234 1035 445 1073 interdum
471 1038 646 1086 impune
672 1034 909 1074 foveantur.
963 1033 1155 1071 Entozoa
1179 1045 1201 1071 e
1224 1044 1324 1070 con-

61 1121 124 1151 tra
153 1113 404 1152 existentiam
431 1113 670 1163 saepissime
704 1123 923 1164 nunquam
955 1109 1166 1161 produnt,
1210 1108 1322 1146 mala

57 1201 208 1240 pauca,
239 1197 281 1226 et
307 1186 411 1226 haec
439 1201 535 1225 casu
561 1189 701 1239 potius
736 1186 962 1226 accedente
1000 1174 1139 1233 cient,
1170 1184 1320 1238 quibus

59 1265 113 1304 de
138 1263 262 1303 rebus
288 1266 333 1302 in
360 1253 481 1303 tertia
508 1263 629 1313 hujus
657 1263 877 1301 voluminis
912 1271 1031 1314 parte
1065 1274 1201 1305 sermo
1232 1262 1319 1299 erit.

58 1341 106 1378 Id
134 1349 292 1379 tantum
321 1339 476 1378 addere
502 1339 651 1387 liceat,
690 1352 847 1378 vermes
883 1341 929 1378 in
966 1350 1145 1389 corpore
1188 1346 1318 1383 ortos,

63 1414 284 1467 eidemque
315 1415 591 1462 assuefactos,
640 1428 730 1454 non
762 1428 884 1467 posse
912 1416 1014 1468 quin
1047 1415 1174 1452 vitam
1207 1422 1319 1450 tran-

58 1490 186 1543 quille
215 1498 362 1544 agant,
396 1499 622 1544 motusque
651 1493 841 1529 omnium
868 1493 1050 1543 partium
1080 1492 1316 1536 continuos,

54 1565 128 1604 sed
153 1566 366 1611 modicos,
398 1564 620 1618 chymique
664 1576 704 1605 et
735 1567 901 1605 faecum
936 1565 1124 1604 indolem
1159 1574 1320 1604 suetam

54 1641 201 1690 ferant,
232 1649 272 1680 et
296 1643 463 1680 nonnisi
490 1642 671 1682 motibus
699 1642 871 1681 insolitis
902 1641 1222 1695 (spasmodicis),
1251 1639 1317 1678 vel

54 1717 239 1756 alimenti
279 1719 471 1770 penuria,
519 1719 584 1759 vel
620 1718 846 1758 humorum
882 1719 1129 1770 praesertim
1177 1715 1316 1769 chymi

54 1795 282 1832 acrimonia
308 1794 511 1845 peculiari
537 1797 592 1847 (v.
622 1809 655 1833 c.
683 1795 761 1834 sub
790 1794 937 1850 typho)
968 1794 1100 1838 laedi,
1129 1792 1316 1844 indeque

54 1873 164 1921 ipsos
191 1872 354 1908 moveri
383 1879 424 1907 et
450 1869 561 1908 male
589 1871 761 1910 affectos
799 1873 953 1910 exitum
982 1878 1156 1907 tentare.
1209 1866 1316 1906 Inde

56 1948 181 1986 etiam
211 1960 259 1987 ex
288 1958 469 1998 corpore
497 1945 648 1997 dejecti
673 1946 740 1986 vel
769 1946 948 2000 aufugae
977 1947 1167 1984 citissime
1193 1955 1315 1995 pere·

55 2031 140 2071 ant,
167 2035 338 2061 necesse
365 2032 440 2070 est,
469 2032 517 2060 ut
543 2035 668 2074 supra
698 2025 932 2074 expositum
958 2021 1120 2074 legeris.

128 2086 317 2149 Argum.
346 2098 418 2138 VI.
471 2097 757 2136 Animalibus
776 2098 984 2152 plurimis
1009 2109 1184 2142 vermes
1222 2109 1314 2135 esse

203 2175 465 2227 peculiares.
564 2167 566 2169 ¹

129 2250 329 2288 Auctores
357 2250 435 2289 hac
461 2253 506 2290 in
532 2265 579 2290 re
605 2252 768 2303 saepius
795 2252 947 2290 nimios
976 2251 1175 2289 fuissevin
1205 2248 1311 2301 Cap.

52 2320 248 2377 praeced.
292 2327 522 2377 monendo,
562 2327 753 2379 plurimis
794 2337 934 2368 tamen
973 2328 1171 2378 proprios
1209 2338 1311 2372 esse,

54 2406 304 2454 vermesque
324 2403 392 2441 vel
413 2404 653 2442 animalium
672 2405 739 2444 vel
755 2407 936 2457 partium
953 2402 1160 2449 similium,
1185 2415 1312 2455 quam
1354 2444 1359 2445 ⁷

58 2478 341 2528 dissimilium,
378 2481 513 2518 minus
541 2480 710 2521 differre
737 2480 903 2527 addidi,
941 2478 1060 2531 quod
1087 2478 1218 2518 ovulis
1247 2491 1313 2517 ex-
