1801 3066
416 190 497 237 4¹20

418 292 691 343 sempiterna,
723 285 856 342 quid?
886 286 1007 342 quod
1038 285 1279 325 eorundem
1298 283 1524 334 nonnulla,
1552 272 1690 324 homi-

416 369 483 415 nis
513 363 835 418 sanguinolenti
872 363 1081 410 adinstar,
1129 370 1280 399 contra
1307 362 1528 412 propriam
1557 362 1688 399 saevi·

418 452 500 481 unt
528 443 727 493 speciem.
783 439 901 477 Haec
943 447 1006 475 est
1045 449 1154 489 quae
1184 425 1380 472 nizam-ae
1407 439 1588 473 vocatur
1609 448 1692 488 po·

418 519 549 567 lie-ia,
581 525 779 556 constans
811 523 853 551 et
881 512 1203 564 sapientissima,
1235 523 1320 562 qua
1346 510 1571 550 individua
1596 524 1695 562 per·

420 602 547 641 eunt,
586 593 747 644 species
789 596 1143 635 conservantur,-
1177 598 1261 638 qua
1303 585 1502 624 omnibus
1552 596 1692 626 terrae
1739 614 1742 618 s

416 677 583 721 partem
621 663 946 704 concedendam
985 675 1073 700 esse
1107 659 1329 713 probatur.
1408 658 1546 700 Chaos
1585 673 1689 715 ergo

419 744 680 785 infusorium
722 749 765 778 et
797 738 966 790 reliqua
1002 735 1235 791 phytozoa,
1281 745 1468 776 entozoa
1511 747 1554 775 et
1573 728 1694 790 quae

421 817 638 873 ejusmodi
677 824 776 853 sunt
805 812 1061 852 animalcula
1096 812 1378 864 simpliciora,
1418 825 1554 866 aeque
1582 811 1694 851 bene

423 910 471 934 ac
500 896 681 932 maxime
712 891 954 941 composita
982 887 1129 926 locum
1159 887 1237 925 sibi
1264 899 1473 940 poscunt,
1510 900 1592 926 nec
1621 900 1697 926 eo-

423 971 523 1010 dem
554 967 698 1007 orbari
724 974 919 1018 possunt.
977 963 1045 1015 Sic
1064 976 1202 1015 equus
1231 977 1480 1016 generosus,
1512 961 1625 1002 celer
1653 972 1696 1001 et

420 1047 563 1095 fortis,
594 1056 758 1082 summa
784 1041 886 1079 licet
916 1052 1050 1090 opera
1074 1038 1173 1076 data
1203 1048 1349 1077 oestro
1381 1037 1572 1092 effugere
1601 1034 1713 1078 non*

415 1130 581 1173 potest,
612 1121 687 1172 qui
716 1116 915 1156 sobolem
945 1114 1085 1153 eidem
1107 1113 1261 1158 tradit;
1291 1126 1372 1151 nec
1399 1115 1446 1152 in
1472 1113 1608 1153 bestia
1627 1127 1696 1152 ce-

426 1198 631 1247 teroquin
652 1194 881 1238 sanissima,
913 1200 1099 1228 entozoa
1119 1198 1354 1238 totamper
1380 1190 1511 1226 vitam
1536 1188 1694 1227 defuis-

427 1285 470 1309 se
502 1268 772 1315 crediderim,
803 1279 912 1319 quae
934 1263 1176 1303 eorundem
1196 1265 1354 1301 etenim
1373 1266 1520 1316 genesi
1537 1263 1694 1315 favent,

421 1344 621 1383 facillime
652 1340 876 1380 habentur.

530 1419 607 1456 Sui
628 1422 774 1472 itaque
794 1429 939 1455 caussa
957 1416 1152 1456 Entozoa
1170 1429 1307 1471 aeque
1327 1414 1439 1456 bene
1460 1430 1507 1455 ac
1528 1425 1695 1455 oestros

423 1496 492 1536 vel
522 1494 602 1533 alia
632 1492 886 1532 animalcula
912 1495 1151 1544 parasitica,
1182 1506 1230 1531 ac
1258 1495 1434 1540 insecta,
1462 1505 1625 1533 vermes
1655 1501 1698 1530 et

425 1570 626 1609 animalia
655 1578 876 1622 quotquot
893 1570 976 1606 sint
1000 1567 1178 1620 reliqua,
1210 1578 1351 1607 creata
1373 1581 1477 1618 esse,
1505 1581 1597 1606 non
1616 1567 1717 1607 du-.

424 1645 670 1690 bitandum;
717 1658 822 1682 num
850 1657 953 1681 vero
996 1643 1049 1680 ad
1084 1645 1213 1680 vitam
1241 1645 1287 1681 in
1322 1643 1411 1681 aliis
1441 1640 1692 1681 animalibus

427 1721 670 1774 degendam
700 1729 847 1768 enata,
877 1717 939 1756 his
970 1716 1210 1755 commoda
1241 1718 1453 1770 quaedam
1483 1726 1526 1755 et
1555 1716 1696 1770 qualia

427 1798 635 1844 adferant,
666 1795 745 1833 alia
774 1805 836 1833 est
866 1795 1075 1846 quaestio,
1106 1793 1343 1845 eademque
1367 1791 1544 1831 homine
1561 1795 1695 1831 ratio-

425 1872 513 1911 nali
543 1870 683 1924 digna.
740 1870 859 1908 Talia
887 1882 990 1907 vero
1022 1883 1072 1907 ex
1100 1868 1251 1907 iisdem
1278 1867 1547 1921 redundare,
1585 1868 1695 1908 nulli

426 1948 549 2002 quod
576 1950 704 1985 sciam
730 1944 987 1997 probarunt.

534 2023 746 2076 Quidam,
785 2035 822 2059 v.
855 2035 888 2058 c.
931 2020 1006 2059 cel.
1045 2019 1354 2074 Abilgaard
1391 2020 1520 2072 (Bibl.
1557 2018 1690 2061 nostr.

426 2114 470 2139 n.
500 2100 616 2151 70.),
645 2097 841 2135 Entozoa
869 2099 1174 2135 intestinorum
1191 2098 1445 2144 irritatione,
1476 2110 1602 2149 quam
1632 2097 1693 2136 ef-

428 2170 585 2223 ficiant,
617 2174 905 2227 digestionem
932 2185 1193 2223 promovere
1223 2173 1504 2223 suspicantur,
1534 2174 1610 2211 sed
1636 2186 1692 2214 ne

429 2244 680 2306 hyPothesis
699 2248 981 2287 fundamento
1003 2247 1269 2296 destituatur,
1298 2260 1461 2286 vereor.
1517 2248 1710 2304 Absque‘

407 2327 545 2366 ‘enim
575 2325 646 2364 tali
675 2326 940 2362 irritamento
972 2325 1235 2372 accessorio,
1274 2336 1360 2375 quo
1391 2335 1483 2362 non
1510 2324 1689 2379 indiget,

431 2402 583 2455 quibus
612 2408 776 2439 vermes
792 2399 860 2437 vel
886 2401 1128 2450 paucissimi
1146 2398 1214 2436 vel
1234 2408 1343 2436 stato
1368 2408 1563 2451 tempore
1581 2400 1690 2439 nulli

430 2488 548 2527 sunt,
585 2487 636 2516 ut
672 2486 814 2515 motus
851 2477 979 2528 igitur
1015 2473 1295 2527 peristalticus
1329 2473 1430 2514 inde
1466 2477 1701 2525 concitari,
