1801 3066
466 208 571 257 1514
1539 198 1584 252 ζ’

496 316 597 354 d'un
624 307 792 350 tableau
818 305 1027 361 physique
1057 306 1129 344 des
1159 305 1324 359 reglons
1356 292 1658 358 equinoxiales.
1684 307 1758 348 Pa-

492 395 546 432 ris
583 389 691 429 1805.
719 391 754 436 4.
784 398 889 422 max.
917 398 959 435 p.
996 383 1099 432 136.)
1128 382 1268 429 refert,
1299 392 1339 420 et
1370 383 1422 421 de
1438 383 1574 422 Acaro
1604 383 1763 427 scabiei¹

493 469 762 509 notissimum
793 471 871 505 est;
906 459 973 497 vel
1007 461 1142 511 ipsam
1171 469 1414 510 penetrant,
1455 461 1572 513 quod
1601 460 1653 499 de
1680 461 1760 499 Pu-

492 547 581 584 licis
611 542 751 594 specie
778 537 877 576 inde
905 549 1065 574 nomen
1095 535 1247 586 adepta
1276 544 1452 574 constat.
1507 536 1669 587 Inseeta
1688 539 1759 575 ist-

494 623 598 660 haec
628 628 796 669 aptera,
848 612 1010 651 homini
1056 610 1386 665 animalibusque
1412 613 1584 660 infesta,
1629 613 1760 665 pluri-

491 710 604 737 mam
631 701 795 745 partem
821 693 867 727 in
898 689 1049 728 iisdem
1077 698 1328 736 nascuntur,
1365 690 1494 727 vitam
1532 689 1691 744 degunt
1718 699 1760 729 et

495 774 683 815 obeunt,
713 776 781 815 ut,
806 767 1064 803 extrinsecus
1095 766 1243 804 eadem
1272 768 1462 818 petiisse,
1494 766 1547 804 de
1563 766 1758 805 omnibus

493 850 640 890 saltem
669 858 755 883 non
784 841 1053 881 statuendum
1089 843 1152 879 sit.
1285 841 1289 844 ’

598 925 754 963 Acarus
783 918 939 957 scabiei
976 920 1146 956 nonnisi
1181 920 1224 967 in
1251 918 1448 957 scabiosis
1477 920 1680 967 occurrit,
1718 927 1759 958 et

491 1008 537 1043 in
563 999 737 1055 pustulis
767 996 947 1033 minimis
991 996 1200 1041 nascitur,
1248 1005 1295 1033 ut
1324 995 1508 1034 eundem
1547 1009 1570 1034 a
1604 994 1758 1034 morbo
1794 1033 1795 1039 ,

494 1079 749 1133 productum
782 1085 868 1110 esse
898 1078 1102 1121 oporteat.
1157 1069 1395 1117 Alibert,
1435 1071 1628 1110 Medicus
1648 1072 1760 1110 Pari-

493 1157 636 1197 siensis
667 1148 983 1191 celeberrimus,
1014 1159 1057 1183 se
1086 1144 1240 1183 scabiei
1267 1149 1423 1197 species
1445 1148 1693 1196 duodecim.
1717 1157 1758 1187 et

493 1237 538 1271 in
568 1223 756 1281 qualibet
784 1222 928 1259 insecti
955 1221 1141 1270 speciem
1182 1219 1388 1259 diversam
1421 1226 1610 1271 novisse,
1643 1220 1758 1262 ‘mihi

490 1305 653 1349 retulit,
694 1298 812 1352 quod
840 1299 872 1334 si
901 1295 1236 1343 confirmaretur,
1270 1311 1360 1336 rem
1386 1301 1493 1336 mire
1520 1299 1756 1340 illustraret.

492 1379 748 1423 Animalium
793 1372 1054 1412 diversorum
1096 1373 1252 1411 insecta
1288 1362 1564 1425 utplurimum
1612 1376 1759 1415 saltem

493 1459 613 1499 valde
644 1455 806 1493 diversa
835 1459 952 1496 sunt,
984 1457 1024 1486 et
1051 1451 1084 1486 si
1111 1449 1269 1488 Redii
1300 1450 1561 1503 (Esperienze
1586 1454 1756 1490 intorno

496 1536 574 1575 alla
612 1529 885 1585 generazione
925 1525 1031 1578 degl'
1060 1525 1215 1564 Insetti.
1274 1527 1433 1579 Quinta
1469 1529 1758 1580 impressione.

495 1614 543 1652 In
569 1611 739 1650 Firenze
772 1604 883 1654 1758.
926 1606 962 1652 4.
1005 1602 1105 1640 Tav.
1139 1605 1320 1654 1—24.)
1358 1603 1508 1657 figuras
1536 1605 1663 1643 rudes
1695 1605 1758 1643 di-

495 1702 583 1734 cas,
611 1686 770 1724 formas
794 1688 935 1716 tamen
956 1680 1088 1716 varia's
1106 1680 1201 1716 satis
1225 1678 1334 1717 bene
1364 1684 1594 1731 exprimere
1612 1681 1756 1720 viden-

494 1776 582 1812 tur,
626 1762 730 1799 haec
770 1768 869 1794 vero
899 1754 1057 1792 Formae
1096 1754 1305 1792 diversitas
1347 1759 1497 1793 summi
1534 1755 1635 1795 sane
1661 1769 1754 1796 mo-

494 1842 624 1881 menti
653 1845 722 1875 est.
777 1831 998 1870 Pediculus
1022 1839 1161 1868 autem
1189 1829 1395 1869 humanus
1411 1831 1522 1870 solus
1545 1845 1635 1870 rem
1655 1845 1754 1872 con-

495 1918 590 1956 ficit.
643 1909 803 1949 Nullibi
830 1910 908 1947 nisi
934 1909 978 1945 in
1006 1905 1176 1945 homine
1202 1899 1431 1959 reperitur,
1459 1894 1503 1946 in'
1520 1909 1669 1947 eodem
1685 1922 1754 1948 ve-

492 2008 541 2034 ro
569 2004 657 2030 non
684 1999 847 2038 semper
876 1984 1013 2030 adest,
1050 1982 1125 2021 sed
1162 1993 1276 2031 cute,
1314 1986 1460 2035 capitis
1492 1988 1752 2036 praesertim,

466 2069 561 2110 'vel
582 2058 772 2107 sordibus
801 2061 868 2099 vel
897 2059 1116 2099 achoribus
1145 2060 1317 2106 infecta,
1348 2062 1494 2108 oritur,
1522 2070 1753 2115 nostroque

496 2158 622 2192 aevo,
665 2141 739 2181 ubi
781 2139 987 2178 infantum
1023 2149 1338 2189 puerorumque
1375 2140 1511 2189 capita
1548 2137 1752 2177 velamine

493 2221 612 2262 nullo
642 2228 763 2267 tecta,
781 2215 1025 2268 capillisque
1045 2215 1225 2261 resectis,
1247 2215 1376 2266 magis
1399 2214 1559 2261 munda
1585 2227 1751 2260 servan-

495 2309 586 2352 tur,
613 2293 849 2348 pediculosi
876 2289 1011 2329 multo
1037 2285 1170 2328 rarius
1200 2299 1438 2345 occurrunt.
1492 2291 1596 2330 Inde
1623 2294 1748 2331 etiam

494 2373 681 2427 pediculi
707 2374 751 2408 in
773 2368 953 2413 adultis,
990 2365 1177 2418 alioquin
1212 2364 1263 2404 ab
1292 2366 1439 2406 iisdem
1466 2366 1633 2416 liberis,
1669 2368 1746 2407 sub

494 2451 646 2489 morbo
688 2449 884 2486 diuturno
922 2441 1117 2481 facillime
1152 2451 1423 2496 generantur,
1460 2452 1500 2481 et
1524 2444 1750 2483 immundi-

494 2529 548 2566 tie
573 2529 919 2568 inveterascente,
955 2526 1090 2557 totum
1130 2518 1297 2557 tandem
1342 2532 1494 2571 corpus
1541 2519 1749 2561 obsident.
