1801 3066
1245 158 1322 207 [187

61 262 182 311 hujus
211 259 484 316 Naturgesch.
521 273 563 310 p.
600 258 714 309 292.)
753 256 1108 309 Tricuspidariam
1143 262 1187 298 in
1227 260 1320 299 oleo

59 339 280 376 olivarnm
307 335 586 388 superimfuso
614 347 713 372 mox
738 333 980 386 languidam
1011 335 1097 373 fieri
1134 344 1171 374 et
1202 348 1322 388 aegre

58 416 232 461 moveri,
262 424 422 465 septem
451 421 592 450 autem
611 410 742 450 horae
761 412 1020 464 sexagesimis
1044 410 1191 461 elapsis
1211 424 1323 448 mor-

58 499 174 528 tuam
203 490 323 532 vidit:
361 489 435 528 sed
476 502 572 526 cum
600 486 809 527 vermibus
850 484 1042 524 humanis
1086 500 1150 525 res
1194 488 1321 542 longe

60 566 177 605 aliter
205 580 248 604 se
276 565 432 604 habuit.

137 642 401 680 Couletus
431 640 552 691 (Bibl.
588 653 630 680 n.
658 642 776 689 540.)
813 637 1096 677 cucurbitinos
1131 639 1175 675 in
1204 638 1321 676 nullo

56 719 223 771 liquore
254 719 404 756 diutius
431 721 546 755 vivos
584 729 744 754 servare
779 717 943 768 potuit,
968 728 1110 767 =quam
1147 716 1191 751 in
1228 713 1321 750 oleo

57 793 413 847 amygdalarum,
441 821 454 839 ,
483 795 527 830 in
557 806 641 845 quo
670 806 748 844 per
776 797 827 843 24
854 790 977 828 horas
1006 791 1197 828 vixerunt
1221 793 1271 838 ⁴²).

138 871 224 910 Cel.
252 871 432 908 Justus
460 868 753 907 Arnemann
783 868 1114 917 (Commentatio
1141 866 1193 904 de
1222 864 1323 903 oleis

55 949 312 1001 unguinosis.
352 934 466 982 Gott.
510 948 623 994 1785.
652 953 716 990 85.
744 958 786 995 p.
816 949 853 994 4.
885 945 990 982 Sect.
1021 943 1096 984 IV.
1150 942 1217 979 De
1245 942 1324 979 vir-

56 1022 212 1061 tutibus
232 1023 287 1060 ol.
308 1023 640 1074 unguinosorum
660 1018 875 1057 antihelm.
906 1034 946 1071 p.
969 1020 1162 1070 69—78.)
1192 1018 1324 1070 pluri-

55 1113 125 1138 ma
155 1112 249 1137 cum
282 1098 385 1135 oleis
413 1096 675 1146 anguinos-is
696 1099 982 1148 experimenta
1003 1097 1191 1142 instituit,
1221 1106 1325 1147 quo-

53 1189 149 1214 rum
177 1186 382 1213 summam
413 1172 741 1210 adferre-liceat.
771 1172 878 1211 Olea
915 1172 1058 1223 tepida
1087 1186 1173 1210 esse
1196 1171 1325 1209 debe—

53 1264 114 1299 re,
142 1259 256 1289 recte
282 1257 442 1295 monet,
471 1260 632 1286 vermes
671 1250 782 1285 enim
817 1251 862 1287 in
895 1248 1055 1302 frigidis
1093 1247 1150 1285 ob
1185 1249 1325 1297 ipsum

54 1327 183 1381 frigus
213 1325 481 1378 obrigescunt
509 1333 550 1362 et
577 1333 778 1375 pereunt,
817 1326 920 1377 quin
955 1327 1042 1362 imo
1085 1336 1181 1362 cum
1225 1322 1322 1361 oleo

55 1403 201 1455 tepido
228 1401 427 1455 frigidum
457 1398 677 1450 adjiceret,
707 1402 811 1438 mire
851 1401 1158 1453 torquebantur
1194 1408 1236 1437 et
1272 1400 1325 1435 ri-

55 1480 220 1537 gebant.
278 1477 493 1516 Ascarides
521 1490 620 1515 vero
649 1476 948 1516 lumbricoides
985 1486 1069 1515 tam
1099 1475 1322 1520 humanae,

57 1569 183 1609 quam
214 1557 432 1607 porcinae,
463 1552 714 1605 quibuscum
745 1556 1028 1606 experimenta
1059 1555 1171 1605 cepit
1182 1571 1212 1599 ,·
1232 1550 1326 1602 plu-

55 1646 119 1671 res
149 1632 236 1670 dies
262 1633 308 1670 in
337 1630 439 1668 oleis
467 1631 594 1666 vitam
625 1628 858 1683 degebant,
887 1632 1117 1681 praecipue
1155 1631 1189 1666 si
1226 1628 1324 1665 loco

56 1709 203 1761 tepido
244 1705 571 1760 assei-vehantur.
599 1719 603 1721 “
628 1706 786 1745 Omnes
832 1708 1023 1759 protinus
1065 1719 1142 1758 per
1175 1703 1325 1741 multas

57 1785 180 1823 horas
209 1792 362 1828 motus,
393 1784 634 1836 agitationes
644 1811 657 1830 ,
687 1784 813 1822 saltus
844 1792 884 1821 et
913 1784 1201 1822 contorsiones
1230 1779 1327 1818 ede-

59 1862 182 1906 bant;
221 1861 371 1897 sensim
399 1871 498 1898 vero
529 1871 711 1910 corpora
749 1871 893 1896 earum
929 1856 1252 1915 languescebant
1289 1865 1328 1894 et

56 1922 389 1982 resolvebantur,
418 1937 614 1974 incitatae
641 1945 783 1973 motus
814 1948 952 1989 aegre,
982 1945 1037 1982 et,
1067 1936 1128 1972 uti
1155 1932 1326 1971 videba-

56 2026 135 2062 tur,
162 2026 252 2052 non
279 2010 555 2051 sinedoioris
581 2026 702 2051 sensu
731 2012 931 2058 edebant,
970 2013 1071 2049 cutis
1110 2024 1254 2048 earum
1281 2011 1326 2047 in

57 2104 180 2145 rugas
209 2086 555 2132 contrahebatur;
585 2101 732 2127 omnes
763 2089 947 2140 denique
975 2102 998 2127 a
1025 2097 1159 2125 morte
1180 2088 1325 2124 marci-

60 2167 141 2206 dae
167 2164 421 2204 flaccidaeve
450 2173 680 2211 evaserunt,
712 2174 753 2203 et
782 2167 916 2216 capite
944 2174 986 2203 et
1016 2164 1149 2201 cauda
1177 2162 1324 2214 pauiu-

60 2243 150 2280 lum
179 2245 420 2289 incurvata,
451 2240 829 2295 exstinguebantur.
887 2242 932 2279 in
979 2240 1074 2278 oleo
1115 2237 1323 2290 amygda-

128 2363 160 2408 ’)
186 2365 246 2397 De
271 2364 350 2400 Asc.
378 2376 413 2399 et
437 2365 571 2401 lumbr.
599 2365 673 2400 lato
701 2379 724 2413 p
763 2361 826 2409 31}
850 2365 954 2404 liber,
985 2376 1093 2411 quem
1123 2363 1212 2397 olim
1240 2363 1324 2408 legi,
1357 2357 1362 2360 ⁴

59 2422 207 2481 jam-'ad
224 2434 354 2457 manus
371 2436 447 2458 non
467 2421 538 2466 est;
566 2423 671 2459 locus
697 2425 766 2459 iste
792 2425 836 2459 ab
863 2427 1165 2458 Arnemanno
1195 2419 1325 2454 lauda-

61 2493 130 2519 tu't.
