1801 3066
445 147 500 186 82

504 241 613 285 ciete
642 243 966 300 Philomatiq'ue.
1009 239 1033 283 ἐι
1061 244 1176 286 Paris
1210 251 1322 299 1798.
1350 258 1391 285 n.
1424 253 1484 293 13.
1511 260 1555 299 p.
1577 260 1643 300 97,
1658 253 1721 302 93.

498 321 589 379 Fig.
628 336 726 362 a-e.‘
755 323 782 348 ἐ

578 400 742 439 Auctor
769 387 977 439 vermium
1007 397 1059 437 ab
1089 397 1178 438 aliis
1206 401 1251 437 in
1277 399 1460 451 piscium
1488 402 1630 440 vesica
1649 414 1723 440 na—

495 478 652 517 tatoria
688 484 961 527 repertorum
991 477 1188 529 ignarus,
1229 473 1397 524 locum,
1434 475 1508 514 ubi
1535 491 1723 517 vermem

496 554 731 600 invenerit,
762 555 962 591 attonitus
991 553 1190 596 miratum
1228 553 1367 603 ipsum
1396 551 1535 592 obiter
1565 555 1721 594 descri-

494 613 630 670 bit‘et
657 627 769 668 male
799 628 1059 668 delineatum
1095 629 1215 669 sistit.

738 786 802 833 E.
870 783 1417 850 Strongylzcs.

639 933 682 958 a.
739 912 1213 968 S'crongylus
1275 916 1520 967 Gigas.

441 1017 532 1058 266.
560 1018 596 1055 J.
623 1013 902 1061 Bauhinus
932 1015 1120 1053 Historie
1148 1027 1236 1053 von
1257 1012 1438 1053 etlichen
1458 1013 1719 1054 wfithenden

492 1092 671 1133 Wfflfen
708 1105 781 1129 um
811 1090 1119 1145 Miimpelgard
1145 1091 1237 1130 und
1265 1090 1440 1133 Belfort.
1508 1091 1719 1144 Mfimpel-

493 1168 601 1223 gard
646 1172 760 1220 1591.
803 1174 840 1214 8.
879 1171 923 1206 in
950 1165 1059 1220 Eph.
1100 1168 1196 1206 Nat.
1227 1169 1325 1207 Cur.
1353 1166 1568 1207 laudatur.
1625 1169 1720 1207 Sei·—

494 1253 647 1296 pentes
675 1246 721 1281 in
747 1242 947 1295 luporum
978 1246 1193 1282 seniorum
1222 1244 1394 1283 renibus
1422 1246 1555 1294 nasci,
1582 1258 1714 1282 unum

490 1320 562 1360 vel
600 1320 709 1358 duos
738 1319 873 1370 pedes
902 1319 996 1370 plus
1034 1322 1173 1356 minus
1211 1318 1392 1372 longos,
1438 1319 1719 1359 Bauhinus

489 1398 536 1433 in
564 1393 647 1432 hoc
674 1393 787 1432 libro
826 1394 988 1432 reserre
1018 1394 1187 1434 dicitur.

436 1473 528 1522 267.
560 1472 681 1513 Sim.
711 1468 986 1509 Schultzii
1021 1469 1123 1508 Obs.
1156 1470 1212 1508 de
1239 1471 1453 1510 vermibus
1481 1473 1527 1511 in
1546 1472 1717 1512 renibus

493 1549 669 1600 (canis).
732 1545 783 1584 In
819 1543 925 1596 Eph.
963 1547 1060 1584 Nat.
1097 1547 1198 1584 Cur.
1238 1547 1342 1585 Dec.
1388 1561 1422 1585 1.
1467 1548 1576 1585 Ann.
1606 1555 1643 1593 5.
1671 1563 1717 1600 p.

487 1626 702 1674 405-408.
731 1622 757 1646 ’Κ
809 1620 938 1659 Renis
969 1634 1068 1660 caro
1100 1635 1245 1669 exesa;
1275 1624 1429 1661 vermis
1458 1623 1715 1662 dodrantem

489 1696 617 1751 supra
646 1697 749 1737 duas
777 1696 899 1735 ulnas
929 1701 1140 1750 aequavit.

436 1775 526 1822 268.
558 1773 792 1813 Carolus
834 1773 1048 1828 Rayger
1091 1773 1246 1813 similes
1290 1777 1337 1814 in
1384 1777 1497 1814 canis
1539 1779 1710 1830 reperit.

487 1851 546 1890 z'b.
576 1852 681 1889 Dec.
716 1863 748 1888 1.
780 1850 891 1891 Ann.
922 1864 959 1902 7.
986 1865 1029 1903 p.
1058 1857 1150 1897 515.
1179 1850 1206 1875 ⁴⁸

436 1928 528 1982 269.
568 1941 602 1966 a.
628 1926 863 1980 Philipp.
892 1928 991 1966 JaC.
1021 1928 1320 1966 Hartmann
1351 1927 1404 1966 de
1432 1928 1639 1968 lumbrico
1668 1931 1714 1969 in

486 2017 592 2044 rene
622 2006 734 2042 canis
765 2004 1013 2058 sanguineo.
1060 2005 1123 2042 Ib.
1152 2004 1258 2042 Dec.
1291 2018 1326 2042 2.
1355 2006 1465 2044 Ann.
1493 2010 1530 2056 4.
1560 2019 1602 2057 p.
1620 2010 1712 2058 149-

438 2089 441 2092 '
492 2087 578 2126 152.
607 2081 695 2135 Fig.
730 2087 803 2127 18-
819 2086 881 2131 24.
909 2081 935 2105 ’κ
992 2079 1245 2136 Strongylus
1283 2081 1487 2134 (femina)
1524 2084 1570 2119 in
1599 2084 1711 2119 canis

486 2172 590 2198 rene
616 2168 808 2211 repertus
839 2171 935 2196 cum
963 2153 1044 2197 ho'c
1072 2158 1140 2213 fig.
1174 2163 1309 2204 18-21
1343 2158 1610 2211 depingitur:
1639 2155 1709 2210 fig.

488 2239 643 2285 22—24.
694 2245 911 2273 anatomes
949 2244 1179 2273 tentamen.
1254 2234 1469 2288 Sanguine
1512 2231 1710 2271 rubebat.

485 2310 607 2350 Ultra
637 2311 751 2350 diem
778 2313 895 2350 vivus
925 2318 1215 2352 conservatuS.

434 2387 525 2441 269.
555 2387 596 2426 b.
637 2389 755 2427 Ger.
793 2388 967 2427 Blasii
1005 2388 1240 2426 Observata
1277 2387 1514 2425 anatomica
1555 2389 1601 2424 in
1628 2384 1705 2424 ho-

485 2467 624 2514 mine,
666 2467 809 2514 simia,
847 2466 1206 2518 equo-variisque
1242 2462 1488 2502 animalibus
1519 2462 1622 2502 aliis.
1662 2465 1707 2501 L.
