1801 3066
1338 151 1391 196 45

120 254 185 305 95.
216 251 435 290 Aretaei
475 247 747 299 Cappodocis
779 247 833 284 de
871 248 1023 283 caussis
1056 257 1097 285 et
1133 250 1259 302 signis
1296 264 1392 288 acu-

176 338 317 367 torum
355 337 395 365 et
432 326 728 362 diuturnorum
770 321 1021 359 morborum
1063 324 1178 361 Libri
1214 325 1283 363 IV.
1324 327 1388 363 ed.

177 405 338 442 Herm.
367 396 699 438 Boerhaave.
728 398 864 451 Lugd.
895 399 984 435 Bat.
1020 406 1114 450 1751
1147 400 1220 437 fol.
1252 402 1278 426 ‘¹‘
1322 402 1391 439 De

178 478 370 532 hydrope
387 474 554 528 agendo
586 473 678 524 (lib.
697 473 747 511 Π.
780 476 879 525 Cap.
907 477 961 526 ι.)
992 472 1216 529 hydatides
1237 477 1391 515 descri-

176 554 247 597 bit;
278 550 490 591 vesiculae
510 552 669 602 (nos-³24)
695 550 833 588 eidem
857 562 952 589 sunt
973 550 1168 602 pusillae,
1199 551 1389 598 crebrae,

173 627 353 668 humore
381 627 571 679 repletae
609 628 774 684 (πληξεες
804 627 936 684 ἆγξου)
977 630 1020 664 in
1050 626 1282 666 abdomine
1322 642 1391 666 OC-

175 714 400 742 currentes.
448 703 512 741 Ab
544 702 633 742 aliis
665 703 906 742 auctoribus
937 705 1198 756 quandoque
1225 718 1305 756 per
1327 707 1393 742 in-

176 783 327 818 testina
363 781 543 818 transire
583 779 734 826 dictas,
777 778 849 817 has
891 778 971 817 sibi
1001 790 1141 818 autem
1168 794 1258 818 non
1286 784 1391 820 visas

177 870 289 901 esse;
320 856 371 896 de
404 857 636 895 earundem
666 857 941 908 generatione
970 858 1152 895 incertus
1184 868 1256 895 est.
1314 860 1393 897 Ce-

174 942 310 971 terum
350 946 439 970 non
478 942 562 981 est,
614 931 730 984 quod
769 945 993 979 moneam,
1042 930 1263 986 hydatides
1293 936 1391 974 istas

173 1022 296 1047 sacco
333 1007 401 1047 vel
432 1018 672 1053 contentas,
711 1007 779 1046 vel
810 1022 859 1046 ex
890 1008 1046 1046 eodem
1076 1009 1260 1049 exclusas
1289 1011 1394 1050 libe-

171 1098 305 1137 reque
343 1087 388 1122 in
425 1084 654 1123 abdomine
692 1084 969 1132 fluctuantes,
1015 1085 1083 1123 vel
1119 1086 1313 1125 abscessu
1350 1089 1395 1126 in

173 1164 419 1200 intestinum
455 1171 709 1213 penetrante
749 1160 843 1199 alvo
876 1162 1057 1212 dejectas
1101 1162 1270 1216 (quales
1301 1166 1393 1215 ipse

175 1240 301 1278 etiam
332 1240 585 1289 examinavi)
621 1240 796 1276 minime
837 1241 1037 1277 animatas
1071 1254 1181 1288 esse,
1230 1253 1312 1278 nee
1341 1239 1395 1277 ad

174 1329 339 1353 vermes
368 1317 606 1365 pertinere;
643 1313 850 1364 plurimae
887 1328 992 1353 vero
1024 1315 1201 1353 aliarum
1230 1314 1394 1369 hydati-

177 1389 281 1428 dum
310 1402 406 1426 cum
436 1391 643 1426 animatae
672 1391 778 1436 sint,
810 1387 1201 1442 diversissimosque
1221 1391 1395 1430 foveant

176 1478 340 1503 vermes
355 1493 367 1513 ,
396 1465 555 1502 Areta
570 1465 614 1501 ei
645 1463 989 1507 observationem
1007 1469 1243 1516 praeterire
1261 1468 1393 1506 nolui.

123 1541 186 1592 96.
218 1539 413 1577 Galeni
458 1539 707 1593 Pergameni
755 1541 899 1576 omnia
933 1554 1042 1592 quae
1090 1551 1262 1579 exstant.
1335 1544 1396 1582 Ex

176 1613 348 1653 officina
377 1614 607 1652 Froben.
648 1613 771 1652 Basil.
807 1616 917 1654 1562.
948 1614 1021 1654 fol.
1054 1617 1079 1640 ’τ
1132 1617 1316 1655 Easdem
1348 1633 1395 1657 ac

175 1693 478 1731 Antecessores
515 1692 723 1729 vermium
761 1694 924 1743 species
952 1704 1168 1742 recenset,
1209 1693 1396 1734 latorum

177 1782 304 1808 voces
343 1780 512 1822 graecas
553 1769 697 1824 (κηξιως
735 1768 804 1806 vel
839 1772 998 1821 mmm)
1052 1770 1191 1815 addit3
1249 1772 1396 1810 sedem

181 1846 370 1884 omnium
405 1844 514 1883 bene
552 1848 766 1897 cognitam
810 1844 974 1892 habuit;
1029 1848 1236 1885 Taeniam
1281 1859 1396 1887 tanta

181 1935 272 1960 esse
301 1919 570 1974 longitudine
600 1922 741 1970 addit,
786 1932 834 1960 ut
861 1925 905 1961 in
934 1933 1072 1961 totum
1101 1927 1396 1978 exporrigatur

178 2000 448 2046 intestinum,
496 1998 614 2051 quod
653 1998 930 2038 Recentiores
971 2002 1096 2038 etiam
1142 2001 1197 2039 de
1233 2004 1397 2042 Taenia

179 2073 362 2119 humana
392 2074 706 2123 confirmarunt,
738 2085 779 2114 et
806 2078 850 2114 in
880 2079 1006 2116 ovina
1035 2078 1226 2130 quotidie
1255 2079 1396 2117 videri

179 2161 344 2204 potest;
373 2152 640 2190 Introductio
671 2167 746 2191 seu
773 2153 966 2191 Medicus
994 2167 1033 2204 p.
1068 2159 1152 2204 114.
1198 2155 1246 2193 In
1269 2156 1396 2193 Com-

180 2231 388 2268 mentario
426 2233 471 2267 in
509 2230 867 2281 Hippocratis
912 2228 1198 2280 aphorismum
1237 2231 1396 2271 dictum

183 2306 367 2356 (Comm.
395 2307 432 2346 3.
462 2320 501 2358 p.
531 2315 593 2358 49.
624 2321 662 2344 n.
694 2308 779 2360 26.)
818 2306 1046 2345 lumbricos
1085 2317 1211 2360 atque
1242 2312 1394 2347 ascari-

184 2382 260 2421 des
300 2381 387 2420 aliis
428 2397 601 2436 quoque
638 2382 885 2421 animalibus
923 2383 1308 2435 proportionaliter
1334 2387 1395 2422 in-

148 2461 324 2508 -nasci,
375 2460 575 2514 gignique
615 2460 823 2499 ascarides
863 2459 1086 2499 manifeste
1119 2462 1164 2500 in
1201 2464 1394 2513 jumentis
