1801 3066
459 189 536 238 450

462 303 503 335 et
531 302 677 331 omnes
714 284 790 325 sub
827 286 949 327 initio
988 281 1289 332 cohaeserunt,
1337 283 1415 324 sed
1453 288 1722 338 continuitas,

460 381 585 422 quam
602 362 882 415 Wepferus
902 359 929 398 1.
951 374 984 398 c.
1012 358 1125 398 bene
1154 359 1400 411 descripsit,
1439 360 1612 400 tandem
1631 354 1726 408 [soi-

460 448 579 494 vitur,
607 449 654 479 ut
681 437 774 491 plus
802 437 938 474 minus
966 433 1129 473 liberae
1155 433 1267 473 fiant.
1307 436 1388 475 Pro
1416 439 1604 489 ipsarum
1621 445 1726 476 vero

457 520 524 566 vel
550 513 844 570 magnitudine
872 511 939 550 vel
970 513 1118 563 copia,
1155 511 1378 550 ventriculi
1406 515 1538 567 magis
1566 515 1725 553 minus·
1756 503 1759 506 ’

458 612 531 648 ve>
575 591 790 632 interdum
827 586 1022 626 laterales
1059 596 1286 639 tantopere
1315 590 1475 627 extensi
1502 588 1629 638 fiunt,
1680 598 1725 627 ut

458 669 621 714 cerebri
649 676 810 706 tantum
839 663 994 702 lamina
1022 666 1263 702 tenuissima
1301 676 1484 716 superne
1513 674 1724 718 tegantur,

454 761 562 802 quae
582 741 686 783 nihil
714 740 802 778 fere
820 741 899 776 nisi
919 738 1149 779 substantia
1170 738 1377 778 corticalis
1394 739 1574 789 videtur,
1602 739 1724 778 ideo-

455 838 536 879 que
579 822 757 859 dissecta
789 813 856 853 vel
877 813 1070 853 diffluens
1102 829 1301 869 grumosa
1328 816 1369 867 ’ἡ
1399 824 1598 868 apparet,
1628 828 1723 853 cum
1774 826 1775 829 ’

456 896 629 939 vasculis
657 894 747 933 fere
777 891 874 930 solis
906 900 1079 930 constet.
1135 891 1200 930 Ab
1220 895 1298 931 ista
1316 908 1326 912 ·
1346 906 1419 932 ero
1448 894 1490 931 vi
1518 890 1723 930 calvariae

455 988 550 1014 ossa
586 971 686 1010 loco
730 971 796 1009 isti
834 969 1162 1019 superimposita
1199 970 1352 1007 sensim
1380 978 1622 1018 consumta,
1662 977 1726 1007 te-

451 1051 651 1090 nuissima
677 1043 744 1083 vel
772 1042 1098 1092 foraminulosa,
1127 1056 1216 1081 non
1245 1054 1386 1083 tamen
1415 1047 1579 1083 cariosa
1604 1043 1723 1093 fiunt,

455 1120 818 1179 quemadmodum
835 1121 967 1157 caries
983 1132 1061 1157 nec
1075 1118 1279 1157 vertebris
1298 1131 1590 1174 aneurysmate
1603 1133 1722 1172 pres·

453 1205 504 1240 sis
536 1198 696 1237 accidit.
751 1195 899 1247 Aquae
937 1192 1194 1245 plerumque
1234 1197 1360 1245 copia
1395 1195 1592 1233 simul‘in
1617 1208 1721 1234 ven-

453 1273 613 1315 triculis
654 1281 695 1309 et
730 1267 998 1321 processibus
1035 1267 1201 1306 cerebri
1241 1268 1408 1308 clavatis
1446 1270 1719 1323 (quibusdam

449 1365 529 1405 pro
558 1349 697 1387 nervis
727 1345 958 1384 olfactoriis
988 1346 1097 1383 cavis
1117 1357 1343 1396 perperam
1371 1343 1520 1384 habitis
1539 1345 1607 1396 *ἢ
1634 1344 1721 1384 col-

449 1427 560 1465 lecta
593 1433 667 1473 est,
697 1433 739 1461 et
768 1422 817 1461 ab
847 1420 939 1470 hac,
968 1434 1069 1458 num
1097 1418 1261 1474 hydatis
1288 1419 1423 1459 libera
1451 1424 1525 1471 sit,
1552 1424 1720 1473 potissi-

452 1516 567 1541 mum
595 1499 780 1553 pendet,
820 1496 1181 1551 quemadmodum
1208 1498 1301 1548 ipsa
1340 1493 1466 1536 etiam
1493 1496 1721 1537 affectuum

543 1696 574 1737 ⁴¹)
603 1693 667 1727 Go
680 1706 750 1727 eze
776 1692 800 1730 l.
829 1705 859 1727 c.
894 1704 1034 1727 vermes
1060 1690 1175 1726 semel
1202 1690 1363 1739 capitum
1391 1704 1463 1739 ope
1490 1691 1607 1725 durae
1635 1705 1716 1726 ma-

449 1759 495 1788 tri
532 1751 754 1791 inhaesisse,
806 1761 842 1785 et
883 1760 1024 1798 partem
1059 1749 1196 1783 circum
1223 1748 1317 1782 circa
1348 1761 1558 1795 grumosam
1582 1749 1717 1785 factam

451 1823 526 1846 esse
553 1809 742 1848 meminit,
780 1807 845 1843 sed
873 1807 941 1843 ista
965 1807 1205 1842 substantiam
1233 1806 1441 1840 corticalem
1468 1806 1608 1853 arguit,
1646 1821 1718 1843 nec

448 1867 639 1904 vermiculi
673 1865 718 1900 ad
755 1864 883 1899 duram
917 1876 1068 1900 matrem
1103 1864 1330 1913 pervenient.
1383 1864 1462 1902 Cel.
1489 1865 1543 1914 vir
1575 1866 1715 1902 cerebri
1743 1886 1746 1887 ⁷

448 1928 621 1964 fabricam
647 1936 775 1974 parum
802 1924 947 1959 novisse
973 1921 1132 1962 videtur,
1167 1934 1205 1958 ut
1232 1936 1274 1957 ex
1299 1923 1489 1963 locorum,
1515 1924 1555 1958 in
1581 1924 1714 1973 quibus

447 1984 640 2034 hydatides
667 1992 876 2023 occurrant,
905 1981 1156 2029 descriptione
1183 1982 1318 2029 cuique
1345 1982 1498 2030 patebit.

544 2046 626 2083 Cel.
652 2044 803 2080 Zeder
829 2043 974 2088 (Erster
987 2045 1171 2092 Nachtrag
1196 2051 1338 2093 p·315.)
1363 2044 1555 2091 hyda‘tides
1581 2045 1617 2079 in
1644 2055 1713 2080 ter-

447 2109 501 2144 tio
529 2118 564 2142 et
590 2115 718 2154 quarto
746 2103 882 2138 cerebri
907 2103 1061 2138 humani
1094 2102 1304 2138 ventriculis
1337 2115 1496 2151 repertas
1529 2103 1711 2143 meminit,

447 2178 538 2203 num
562 2177 648 2200 vero
673 2164 856 2197 animatae
881 2161 1030 2201 fuerint,
1058 2161 1283 2196 examinasse
1308 2174 1388 2195 non
1415 2161 1572 2201 videtur.

539 2259 587 2304 ”)
613 2258 806 2292 processus
831 2254 891 2290 isti
918 2254 1054 2290 cerebri
1087 2266 1168 2288 curn
1193 2253 1404 2288 ventriculis
1432 2255 1711 2291 communican-
1790 2293 1797 2302 ,

445 2329 501 2354 tes
525 2311 702 2364 ejusdem,'
728 2328 769 2350 ac
782 2313 966 2361 reliquum
986 2312 1187 2353 cerebrum,
1214 2311 1383 2353 fabricae,
1409 2312 1612 2350 substantia
1630 2328 1707 2349 me-

447 2375 582 2411 dullari
607 2374 682 2408 sive
709 2373 842 2408 fibrosa
867 2382 900 2405 et
927 2371 1092 2405 corticali
1119 2381 1308 2411 constant,
1342 2384 1410 2419 pro
1437 2372 1556 2407 nervis
1582 2372 1708 2421 itaque

446 2446 524 2469 non
549 2430 715 2467 habendi
739 2441 836 2468 sunt.
884 2427 1001 2465 Nervi
1025 2439 1148 2464 autem
1174 2427 1360 2464 olfactorii
1385 2442 1430 2464 ex
1449 2440 1577 2467 eorum
1601 2430 1707 2480 apice

447 2501 649 2539 elnefgul'lt·
