1801 3066
457 129 534 181 296

462 234 591 289 affigi,
619 245 757 287 neque
789 248 837 274 ex
861 233 1016 275 eodem
1041 232 1166 273 ovula
1187 232 1257 272 edi
1282 232 1563 273 observemus.
1609 236 1725 276 Haec

460 326 577 364 pone
606 325 761 363 porum
801 311 959 349 dictum
989 310 1055 349 vel
1084 313 1128 350 in
1165 324 1365 351 acervum
1394 319 1617 364 congesta,
1657 309 1726 351 vel

461 391 507 427 in
533 402 724 427 racemos
762 386 958 427 laterales
988 386 1212 426 distributa
1249 396 1368 434 sunt,
1409 388 1466 425 ita
1496 396 1544 425 ut
1568 386 1729 437 majona

463 474 506 502 et
533 474 696 503 matura
727 467 1002 511 anteriorem,
1031 462 1195 515 reliqua
1222 450 1510 514 posterioicem
1537 456 1729 515 corpoiis

462 539 604 579 locum
640 540 719 579 sibi
756 541 991 584 vindicent;
1042 542 1087 578 in
1114 538 1369 593 quibusdam
1397 537 1616 591 speciebus
1643 553 1732 579 ma-

466 615 583 655 culae
629 619 819 669 corporis
857 630 972 668 pone
1000 630 1156 670 porum
1185 614 1498 653 subventralem
1528 618 1733 669 conspici-

465 703 596 731 untur
622 693 690 731 vel
720 707 881 744 opacae
909 693 977 732 vel
1004 691 1268 745 pellucidae,
1314 690 1430 739 unde
1460 681 1735 742 speculorum

465 778 625 807 nomen
669 769 720 807 ab
761 769 1000 817 auctoribus
1035 770 1082 807 iis
1120 769 1391 820 impositum,
1437 780 1547 819 quae
1585 767 1734 806 itidem

465 858 546 895 pro
579 846 821 884 ovariorum
848 855 969 896 parte
998 842 1220 883 habendae
1249 854 1358 892 sunt,
1390 853 1431 882 et
1460 845 1548 882 ovis
1579 845 1735 882 emissis

469 922 556 959 sive
585 935 764 971 vacuae,
805 921 1050 974 pellucidae
1079 920 1194 959 flunt.
1249 921 1358 958 Ante
1387 933 1545 972 porum
1572 929 1736 958 ventra-

467 995 552 1036 lem
591 997 796 1049 spiculum
843 1000 1023 1046 eminet,
1075 1000 1160 1035 sive
1202 998 1329 1036 cirrus
1378 996 1427 1035 Ο.
1474 995 1737 1039 Fabricio

456 1074 626 1124 {Faum
658 1074 919 1113 Groenland.
937 1093 939 1097 >
958 1089 999 1127 p.
1022 1082 1113 1120 523.
1141 1076 1185 1112 in
1212 1073 1402 1114 Fasciola
1430 1071 1647 1124 hepatica)
1677 1071 1740 1110 di-

473 1159 585 1197 ctus,
624 1150 793 1188 tubulus
825 1161 958 1198 teres,
997 1150 1240 1198 retractilis,
1278 1153 1418 1190 variae
1446 1148 1740 1202 longitudinis,
1787 1157 1793 1162 ”

471 1227 515 1263 in
542 1226 598 1264 I).
630 1228 800 1263 cirrose
838 1225 941 1264 mihi
971 1226 1084 1264 dieto
1118 1227 1220 1265 Tab.
1250 1226 1318 1263 VI.
1358 1226 1447 1279 Fig.
1476 1238 1513 1263 2.
1549 1223 1742 1277 longissi-

471 1315 587 1349 mus,
625 1302 877 1353 plerumque
916 1301 1150 1350 flexuosus,
1193 1305 1358 1353 saepius
1401 1303 1520 1352 apice
1550 1310 1671 1339 aucto
1703 1310 1744 1339 et

472 1376 732 1425 rotundato,
784 1376 913 1416 veluti
949 1377 1103 1431 glande
1142 1380 1340 1432 insignis,
1392 1377 1443 1415 O.
1482 1374 1744 1431 Fabricio

474 1452 521 1504 (l.
553 1456 610 1506 c.)
639 1454 854 1492 interdum
883 1456 1105 1494 uncinatus
1131 1456 1258 1502 visus,
1288 1452 1421 1506 qualis
1441 1465 1522 1491 nec
1543 1450 1645 1490 mihi
1664 1452 1746 1491 nec

475 1528 650 1582 reliquis
692 1530 932 1570 auctoribus
971 1523 1178 1581 apparuit.
1240 1531 1361 1568 Hanc
1396 1539 1563 1580 partem
1602 1528 1747 1567 Goe-

473 1605 589 1643 'zius
630 1605 800 1644 alterius
835 1587 1041 1644 individui
1077 1620 1188 1657 poro
1217 1606 1399 1645 ventrali
1434 1606 1661 1645 immissam
1688 1607 1749 1644 vi-

477 1679 563 1728 dit,
612 1680 799 1734 ideoque
836 1665 991 1733 p'enem
1033 1695 1108 1720 seu
1136 1681 1321 1735 genitale
1359 1680 1596 1720 masculum
1623 1694 1746 1720 voca-

478 1769 593 1803 vere,
623 1769 707 1808 qua
737 1767 877 1799 autem
905 1771 1011 1795 voce
1039 1760 1100 1795 uti
1127 1757 1362 1808 noluerim,
1392 1772 1488 1796 cum
1516 1755 1599 1796 alio
1625 1759 1749 1796 etiarn

478 1833 611 1869 cirrus
640 1835 817 1884 negotio
847 1833 1071 1889 fungatur,
1111 1845 1152 1873 et
1181 1834 1307 1873 ovula
1335 1832 1411 1872 sub
1439 1844 1567 1886 partu
1593 1847 1669 1874 suo
1701 1848 1751 1885 ex

480 1911 601 1960 apice
630 1908 792 1956 fundat,
823 1909 943 1962 quod
969 1909 1160 1962 plurimis
1191 1921 1232 1950 et
1259 1909 1363 1949 mihi
1390 1923 1564 1964 quoque
1584 1912 1750 1963 saepius

480 1985 625 2023 videre
654 1987 841 2038 contigit.
890 1987 1032 2038 Prope
1066 1990 1162 2025 cirri
1189 1987 1310 2026 basin
1336 1985 1501 2025 macula
1523 1999 1650 2039 saepe
1675 1985 1750 2024 ob-

481 2074 604 2099 scura
641 2059 709 2098 vel
747 2074 898 2111 corpus
937 2062 1174 2103 orbiculare
1214 2065 1494 2115 conspicitur,
1545 2046 1664 2115 quod
1703 2075 1752 2100 ex

481 2136 690 2174 Zederi
717 2137 1006 2191 (Naturgeseh.
1035 2154 1078 2192 p.
1107 2145 1208 2194 177.)
1238 2142 1479 2192 conjectura
1510 2150 1608 2177 vasa
1636 2150 1753 2189 sper-

481 2215 633 2252 matica
671 2215 882 2262 continet,
921 2213 990 2253 vel
1034 2214 1187 2255 horum
1223 2207 1371 2254 forsan
1406 2217 1542 2253 vicem
1570 2213 1753 2266 supplet,
1784 2220 1787 2227 ’

484 2287 587 2329 mihi
615 2298 757 2327 autem
785 2290 885 2328 cirri
913 2293 1083 2330 retracti
1110 2290 1428 2344 receptaculum
1455 2291 1646 2340 videtur,
1681 2302 1753 2329 ve-

484 2361 548 2405 lut
576 2367 689 2403 enim
719 2371 870 2405 erucae
890 2366 1116 2418 Papilionis
1140 2366 1387 2407 Machaonis
1405 2367 1617 2407 tentacula
1636 2380 1753 2418 pres·

488 2441 608 2480 sione
648 2441 834 2493 quadam
873 2442 1102 2486 accedente
1137 2442 1262 2483 facile
1301 2458 1351 2485 ex
1386 2442 1656 2497 receptaculo
1687 2433 1754 2483 exss
