1801 3066
1280 166 1360 209 515

98 281 143 309 ut
173 269 386 309 interdum
415 283 462 307 ex
489 279 600 317 poro
631 276 715 315 qua
742 273 908 314 partem
934 267 1288 317 protruderetur,
1317 278 1360 307 et

96 346 207 384 infra
245 344 425 383 eundem
464 338 589 378 ovula
629 328 813 392 aliquot,
861 352 989 388 saepe
1028 342 1114 379 duo
1154 345 1285 382 triave
1313 357 1360 382 se

99 419 374 473 excipiendO,
410 416 522 453 foras
552 418 858 454 emitterentur.
915 415 1060 452 Horae
1089 429 1237 468 quarta
1263 431 1360 471 par·

99 509 139 537 te
166 497 256 535 fere
287 493 448 544 elapsa,
497 491 609 529 aliud
637 494 790 529 iterum
821 504 954 529 cornu
985 491 1098 544 (Fig.
1129 493 1164 529 6.
1194 492 1258 546 b.)
1285 509 1361 534 seu

98 572 318 612 oviducms
357 583 451 620 pars
492 568 621 606 altera
658 567 886 619 prodibat,
941 581 1026 620 quo
1062 561 1156 619 p'ari
1192 571 1360 609 ratione

98 648 278 699 abrupto
323 644 448 683 ovula
485 643 614 697 longa
651 644 728 682 sed
764 646 1001 695 interrupta
1033 646 1142 682 serie
1173 643 1360 682 edeban—

98 735 177 763 tur.
248 724 365 761 Hora
393 719 564 758 tandem
592 718 682 757 sere
719 722 885 773 integra
918 719 1075 772 elapsa,
1105 733 1240 758 cornu
1276 731 1360 759 ter-

98 803 201 840 tium
239 792 450 850 prioribus
491 797 664 833 omnino
705 795 840 834 simile
871 799 1092 844 emissum,
1138 796 1213 835 sed
1239 794 1361 835 brevi

96 886 194 928 post
224 874 450 926 disparuit,
481 870 719 923 animalque
750 883 833 910 tam
859 881 980 910 motu
1009 886 1135 924 quam
1162 875 1247 912 vita
1274 874 1361 924 pri-

97 963 237 991 vatum
267 948 618 1001 conspiciebatur.
673 949 854 986 Unicum
875 950 989 987 inter
1008 949 1214 997 Entozoa,
1243 948 1363 1002 quod

99 1031 251 1075 sciam,
306 1035 450 1077 partus
498 1035 669 1076 praeter
706 1024 831 1063 ovula
871 1027 1024 1063 sensim
1064 1038 1236 1077 quoque
1273 1028 1361 1064 ovi-

100 1105 249 1142 ductus
280 1102 442 1141 edentis
473 1100 733 1152 exemplum,
783 1110 824 1139 et
849 1103 1028 1140 maxime
1062 1100 1362 1148 memorabile3

98 1193 260 1218 cornua
290 1180 398 1218 enim
427 1177 499 1216 illa
525 1180 592 1216 vix
616 1191 698 1229 pro
730 1176 809 1216 alia
838 1192 964 1230 quam
995 1179 1240 1217 ovariorum
1265 1191 1362 1230 par-

97 1267 139 1295 te
179 1254 326 1294 haberi
364 1264 566 1306 possunt,
624 1264 665 1292 et
704 1256 847 1293 ovaria
893 1257 1059 1308 integra
1096 1267 1191 1292 curu
1228 1253 1363 1294 ovulis

100 1332 308 1370 eliminari
335 1344 460 1381 posse
491 1329 720 1371 Cestoidea
750 1328 976 1367 docebunt.

177 1407 271 1459 Ipse
309 1419 526 1458 nunquam
562 1407 606 1443 in
648 1404 782 1443 ovulis
835 1404 1088 1460 embryones
1138 1407 1362 1457 conspexi,

100 1483 177 1522 sed
206 1496 374 1533 semper
401 1484 575 1520 materia
606 1484 723 1533 quasi
751 1495 950 1534 grumosa
978 1481 1166 1532 repleta,
1202 1492 1244 1520 et
1270 1481 1363 1534 ple-

98 1572 279 1610 rumque
321 1557 506 1608 elliptica
543 1570 687 1595 versus
728 1566 955 1608 utrumque
993 1544 1120 1594 finem
1150 1561 1363 1611 angustio-

97 1648 186 1674 rem
215 1631 429 1686 pellucida
455 1632 551 1671 vidi.

495 1777 963 1821 Cescoz'deorum.

183 1859 531 1914 Caryoplcyllaei
559 1863 672 1913 cujus
711 1876 830 1900 sexus
863 1862 1034 1899 discreti
1062 1871 1158 1899 sunt
1167 1890 1188 1911 ,‚
1229 1864 1364 1901 coitus

101 1948 333 1991 partusque
361 1932 741 1976 Nematoideorum
767 1951 856 1976 non
885 1937 1080 1977 absimilis
1112 1941 1216 1984 erit;
1237 1934 1368 1978 'Sco-

101 2015 205 2052 lacis
234 2023 276 2052 et
302 2013 490 2064 Ligula&
515 2016 759 2067 ignoratur,
792 2014 900 2052 illius
930 2024 1072 2053 tamen
1100 2014 1156 2054 ob
1183 2014 1373 2054 formam·

102 2090 409 2130 Trematodum
439 2081 670 2138 aemulam,
699 2088 761 2129 his
790 2104 964 2143 quoque
993 2091 1245 2145 analogum3
1289 2092 1367 2131 Li-

103 2167 240 2217 gnlae
267 2176 407 2206 autem
437 2168 681 2205 ovariorum
708 2169 872 2206 ratione
901 2166 1042 2207 habita
1067 2181 1272 2207 summam
1293 2181 1367 2222 ge-

104 2256 252 2281 nerum
292 2244 605 2295 insequentium
644 2241 887 2281 flffinitatem
906 2245 1194 2284 crediderim.
1273 2245 1368 2282 Tri-

107 2316 413 2377 cuszgz'dariam
439 2332 570 2366 vero,
620 2317 1048 2372 Bochrioceplcalum
1076 2331 1117 2359 et
1149 2321 1368 2359 Taeniam

107 2396 338 2447 conjungo,
368 2406 600 2447 eorumque
628 2394 816 2445 partibus
844 2394 928 2435 huc
945 2396 1191 2437 facientibus
1211 2395 1369 2436 similli-

106 2472 209 2519 mis,
239 2469 407 2508 easdem
435 2481 606 2522 quoque
635 2469 695 2508 his
724 2470 961 2512 functiones
991 2473 1222 2514 tribuerim.
