1801 3066
343 203 423 245 270

351 295 539 336 ctoribus
570 291 869 341 concederem,
899 279 943 333 in
971 302 1084 334 tanta
1115 297 1225 334 enim
1262 309 1458 336 vasorum
1493 297 1621 339 uber-

342 384 450 421 tate,
480 372 630 412 eadem
668 372 906 423 promiscue
943 371 1236 411 deversissirno
1271 373 1390 428 fungi
1425 388 1617 426 munere,

341 458 539 495 statuere,
567 448 690 486 nimis
718 446 983 486 arbitrarium
1012 448 1143 495 foret,
1176 458 1215 485 et
1237 461 1410 488 omnem
1439 464 1622 506 organo.

340 539 434 565 rum
460 521 668 565 rationem
696 523 874 562 tolleret.
927 525 1027 563 Non
1065 523 1265 576 equidem
1302 525 1501 576 defuere,
1541 532 1614 582 qui

341 604 398 642 ad
423 601 691 642 nutriendam
720 601 927 640 Taeniam
957 614 1084 653 saepe
1120 600 1427 655 longissimam,
1468 609 1616 657 capitis

340 679 584 720 osculorum
613 688 655 717 et
685 677 892 717 canalium
918 678 1153 716 lateralium
1182 681 1269 716 vim
1304 681 1615 723 n0n1sufficere

342 758 674 801 aestimaverint;
720 754 928 806 ejusmodi
970 765 1111 793 autem
1148 757 1458 796 aestimationes
1497 762 1615 798 omni

341 834 625 873 destituuntur
650 832 817 878 valore,
847 831 1012 869 canales
1043 833 1168 870 etiam
1196 831 1388 871 laterales
1419 836 1615 876 articulo-v

337 924 432 948 rum
460 912 624 950 ratione
668 906 810 946 habita
849 910 945 946 satis
988 921 1180 962 magnos,
1224 910 1466 949 osculorum
1510 925 1612 951 vero

336 996 501 1026 motum
530 988 835 1025 vivacissimum
865 986 1173 1036 conspicimus,
1211 995 1259 1023 ut
1292 985 1398 1025 haec
1435 991 1632 1027 omnino*

336 1063 525 1103 sufficere
552 1064 732 1115 poseium
778 1063 821 1099 in
849 1061 1062 1100 Taeniolis
1098 1064 1270 1114 insuper
1296 1065 1506 1113 minimis,
1558 1066 1612 1105 de

337 1152 517 1193 quarum
544 1142 803 1178 incremento
831 1139 873 1176 in
903 1138 1006 1190 Cap.
1030 1137 1123 1176 XV.
1154 1152 1288 1192 agam,
1316 1153 1511 1193 quaeque
1533 1155 1611 1180 nu·

334 1219 503 1255 tritione
531 1214 719 1254 uberiori
745 1214 947 1267 indigent,
977 1223 1104 1265 caput
1126 1217 1314 1266 corporis
1337 1218 1504 1255 ratione
1537 1217 1610 1256 ha-

333 1291 423 1334 bita
449 1295 679 1331 maximum
709 1289 948 1343 osculisque
991 1291 1194 1328 distinctis
1235 1293 1484 1330 instructum
1529 1303 1609 1340 θεῖς

331 1373 543 1413 foramina
572 1376 711 1406 autem
748 1364 1015 1419 marginalia,
1052 1369 1352 1420 propagationi
1384 1369 1610 1409 inservien-

333 1453 411 1499 tia,
461 1444 657 1486 nondum
699 1442 903 1495 explicata
949 1452 1058 1481 sunt.
1126 1442 1608 1498 Bothriocephalorzcm

329 1528 474 1566 foveas
500 1524 761 1562 nutrimento
789 1520 1038 1571 recipiendo
1066 1532 1156 1558 non
1193 1519 1370 1559 idoneas
1408 1533 1497 1560 esse
1523 1522 1607 1560 Ze-

331 1604 482 1643 derus
511 1598 552 1651 (l.
584 1611 619 1640 c.
647 1612 690 1649 p.
721 1599 828 1648 284.)
860 1595 1034 1648 quidem
1063 1605 1231 1642 monet,
1262 1596 1430 1634 easdem
1461 1607 1603 1637 tamen

327 1680 584 1718 'taeniarum
612 1672 764 1712 osculis
792 1675 970 1710 maxime
999 1671 1210 1724 analogaS,
1238 1672 1453 1711 interdum
1477 1666 1604 1713 etiarn

323 1768 365 1796 v.
383 1770 418 1795 c.
434 1757 478 1792 in
494 1749 877 1802 Boclcrioceplcalo
901 1746 1248 1800 macroceplbalo
1279 1748 1494 1803 (Colymbi
1509 1763 1604 1801 sep·

328 1827 607 1878 tentrionalis)
638 1825 881 1872 simillimas,
909 1823 1034 1877 quid?
1064 1824 1184 1877 quod
1210 1837 1344 1877 aeque
1364 1824 1601 1874 mutabiles,

327 1910 480 1950 eodem
509 1907 634 1945 etiam
659 1914 834 1941 munere
855 1901 1351 1954 fungipersuasissimum
1365 1900 1601 1944 habuerim.

403 1984 736 2034 Absorptionem
755 1979 924 2018 tandem
944 1978 1269 2016 Cestoideorum
1302 1979 1422 2031 quod
1445 1981 1596 2018 attinet

334 2071 572 2106 cutaneam,
600 2070 691 2096 non
720 2058 822 2095 tanti
852 2055 1023 2108 quidem
1052 2068 1101 2092 ac
1128 2053 1599 2107 Acanthocephalorum

321 2141 519 2184 facerem,
546 2136 720 2174 minime
749 2142 891 2171 tamen
917 2144 1132 2185 negarem.
1196 2131 1345 2184 Aquae
1381 2133 1595 2170 immissos

321 2215 512 2271 turgidos
539 2224 630 2251 non
655 2210 767 2256 fieri,
798 2197 1041 2246 *Zederus
1081 2208 1135 2246 de
1172 2205 1510 2261 Caryophyllaeo
1553 2216 1597 2246 et

320 2292 471 2348 Ligula
507 2298 621 2329 recte
658 2287 894 2332 annotavit,
931 2284 1134 2337 idemque
1169 2286 1213 2322 in
1248 2283 1421 2336 reliquis
1458 2297 1595 2338 aeque

320 2369 430 2410 bene
461 2381 511 2407 ac
537 2369 583 2404 in
610 2361 957 2409 Trematodibus,
1007 2374 1190 2414 quorum
1219 2362 1410 2398 omnium
1439 2374 1594 2413 corpus

319 2458 470 2487 cavum
498 2455 588 2482 non
614 2444 677 2489 sit,
706 2440 995 2478 observamus:
1022 2435 1154 2475 nihilo
1184 2446 1326 2475 tamen
1353 2441 1492 2476 minus
1522 2437 1592 2476 ab-

319 2523 589 2577 sorptionem
626 2517 947 2558 Cestoideorum
982 2524 1202 2554 cutaneam
1237 2503 1382 2554 locuni
1417 2513 1591 2564 habere,
