1801 3066
395 169 443 196 12

433 264 665 318 forse-her,
705 262 834 303 stfick
871 274 934 303 22.
963 263 1126 316 (1787.)
1162 277 1206 318 p.
1233 262 1386 310 33-86.
1416 263 1444 289 ’Β
1521 266 1665 307 Brevis

443 343 654 379 vermium
697 349 786 379 tum
831 342 1036 390 temporis
1082 342 1374 394 cognitorum,
1430 343 1665 383 secundum

443 429 549 470 quas
588 415 822 456 inhabitant
858 415 1040 463 bestias,
1094 419 1427 472 synonymisque
1469 418 1663 469 adjectis,

443 497 729 541 enumeratio,
765 491 893 531 laude
923 491 1064 545 digna.
1127 493 1315 533 Primum
1343 492 1472 546 hujus
1495 496 1664 550 generis

438 578 668 608 tentamen.

385 656 450 683 21.
489 645 714 685 Lectlones
751 645 949 698 publicae
979 644 1033 682 de
1068 646 1280 686 vermibus
1328 646 1661 696 intestinalibus,

437 722 630 772 inprimis
660 720 876 770 humanis,
931 736 1033 774 quas
1063 721 1209 760 habuit
1247 723 1455 762 Anders
1492 721 1661 764 Jahan

437 797 660 837 Retzius.
691 799 831 838 Holm.
866 800 987 851 1736.Δ
1007 805 1070 844 55,
1100 813 1142 851 p.
1170 805 1210 843 8.
1238 798 1264 824 ‘¹‘

583 876 774 914 Recusae
798 879 842 915 in
867 876 903 914 J.
933 877 1078 916 Petri
1105 875 1276 915 Frank
1305 875 1493 915 delectus
1513 889 1657 929 opusc.

487 951 692 991 medicor.
719 951 820 991 Vol.
847 951 919 991 IX.
947 966 988 990 n.
1020 966 1053 991 1.

583 1029 744 1069 Auctor
770 1032 815 1067 in
843 1028 1068 1084 generibus
1099 1039 1142 1067 et
1173 1028 1393 1081 speciebus
1424 1030 1656 1071 condendis

486 1106 807 1144 Linnaeano
846 1119 966 1144 more
996 1108 1118 1144 nimis
1155 1119 1334 1157 parcus,
1382 1105 1516 1146 bonas
1546 1117 1658 1147 cete·

485 1185 642 1235 roquin
672 1181 987 1221 observationes
1017 1181 1207 1234 profert,
1245 1192 1286 1221 et
1312 1181 1570 1237 hypothesin
1601 1183 1657 1223 de

485 1259 698 1298 vermibus
727 1260 961 1312 congenitis
991 1258 1239 1309 (ovqururn
1268 1273 1351 1311 ope
1380 1259 1539 1299 scilicet
1564 1259 1657 1297 foe-

485 1337 545 1373 tui
575 1335 816 1386 tradendis)
847 1338 1100 1388 argumentis
1128 1348 1217 1374 non
1240 1335 1560 1377 contemnendis
1579 1338 1656 1374 im-

484 1421 662 1463 pugnan

376 1501 440 1527 22.
468 1486 757 1527 Verzeichniss
805 1486 884 1525 der
920 1483 1063 1525 bisher
1099 1485 1355 1541 hinlzinglich
1403 1487 1655 1528 bekannten

425 1563 915 1623 Eingeweidewt’irmer,
942 1560 1069 1601 nebst
1097 1565 1214 1602 einer
1234 1562 1519 1617 Abhandlung
1547 1562 1655 1602 iiber

426 1637 520 1678 ihre
547 1636 1039 1678 Anverwandtschaften.
1067 1639 1179 1678 Vom
1207 1639 1371 1678 Franz
1398 1653 1502 1679 von
1529 1641 1652 1680 Pau-

425 1716 477 1755 la
512 1713 767 1754 *Schrank
819 1713 1035 1754 Mfinchen
1074 1722 1183 1766 1788.
1228 1715 1321 1755 XII.
1352 1726 1395 1755 et
1426 1716 1511 1755 116.
1540 1730 1584 1768 p.
1611 1722 1649 1763 8.

427 1805 523 1830 curn
568 1790 652 1829 tab.
701 1789 921 1829 affinitates
971 1795 1174 1830 vermium
1215 1794 1388 1831 sistente
1428 1795 1473 1831 in
1509 1791 1588 1832 fol.
1624 1792 1679 1818 *⁰

427 1869 547 1922 Quos
588 1877 781 1907 auctores
822 1867 1123 1918 descripserint
1156 1882 1320 1908 vermes
1362 1872 1408 1909 in
1449 1869 1649 1910 ordinem

424 1944 625 1998 redigere
678 1954 812 2000 tentet
825 1973 839 1993 ,
896 1943 1263 1984 observationibus
1314 1946 1500 1997 propriis
1557 1958 1647 1986 non

425 2021 663 2061 destitutus.
719 2022 905 2061 Primum
935 2021 1053 2074 quod
1081 2021 1207 2060 laude
1237 2021 1412 2076 dignum
1437 2023 1488 2061 sit
1515 2031 1647 2077 syste-

422 2112 503 2137 ma.
560 2098 732 2136 Genera
761 2108 979 2135 enumerat
1005 2098 1121 2146 XIV,
1150 2111 1333 2151 quorum
1362 2098 1472 2146 duo,
1501 2097 1646 2137 Festu-

424 2176 560 2212 cariae
595 2182 637 2211 et
662 2172 855 2223 Alariae,
898 2187 921 2213 a
948 2188 993 2213 se
1022 2174 1213 2219 condita;
1252 2175 1411 2226 species
1444 2179 1537 2225 157,
1568 2173 1644 2212 du·

421 2250 501 2289 biis
532 2250 695 2304 aliquot
722 2250 886 2290 additis.
942 2251 990 2290 In
1007 2249 1248 2290 nominibus
1277 2250 1487 2302 ponendis
1515 2249 1643 2289 Mul-

422 2325 594 2365 lerum
631 2329 898 2379 potissimum
927 2329 1123 2379 sequitur.
1177 2326 1311 2366 Index
1340 2329 1548 2366 vermium
1577 2340 1642 2366 se·

422 2402 627 2452 cundum,
657 2417 767 2456 quae
795 2402 1055 2453 inhabitant,
1094 2388 1289 2442 animalia
1316 2402 1439 2443 simili
1466 2417 1640 2457 quoque

420 2478 555 2517 modo
594 2480 655 2530 (n.
689 2481 777 2533 zo.)
815 2479 994 2520 oblatus.
1054 2479 1315 2520 Affinitatum
1342 2481 1464 2534 quod
1490 2482 1638 2521 attinet
