1801 3066
1259 163 1338 214 517

79 262 215 302 Gmel.
245 263 355 309 T.,1.
384 263 427 304 P.
456 263 506 306 V.
536 278 579 316 p.
609 263 725 305 2811.
754 273 795 302 n.
823 263 878 314 8.)
913 263 1070 305 Larvae
1096 267 1204 307 intra
1232 269 1336 309 anti-

76 339 272 392 loparum
303 350 440 380 cutem
469 340 680 379 dorsalem
707 338 909 378 habitant.

179 421 217 466 4.
265 418 439 455 Oescrus
477 415 672 454 curandi
714 416 966 465 (Linnaei
1002 417 1110 457 Flor.
1137 420 1331 472 Lappon.

73 492 244 532 Amstel.
278 503 390 546 1757.
418 495 455 533 S.
497 506 539 544 p.
565 480 655 539 366.
699 501 740 530 et
767 492 908 544 sequ.)
950 503 1028 530 ova
1065 496 1109 532 in
1134 494 1330 535 rhenonis

75 568 203 623 dorso
242 569 440 622 deponit;
482 567 643 615 larvae,
685 567 926 605 Linnaeo
969 577 1093 615 teste,
1133 570 1220 609 fere
1254 586 1331 623 per

76 658 232 683 annum
275 644 350 683 sub
395 654 489 683 cute
528 651 866 690 commorantur,
909 653 950 685 et
984 647 1150 684 nonnisi
1185 647 1328 685 diebus

75 721 377 760 canicularibus
402 720 628 773 prodeunt.
685 720 816 772 Quod
845 719 898 758 de
924 721 1231 774 rangiferorum
1259 734 1330 759 au-

70 806 154 835 tem
183 784 329 836 hoedis
357 798 510 843 refert,
552 809 574 834 a
602 796 722 834 larvis
757 798 843 834 istis
874 804 1094 848 tantopere
1123 799 1328 844 cruciatis,

69 882 115 910 ‘ut
142 875 260 912 tertia
287 874 374 912 fere
400 884 546 910 eorum
574 885 671 925 pars
703 885 752 910 ex
779 872 891 910 hisce
919 875 1082 912 insectis
1111 876 1328 920 moriatur,

69 952 170 988 viro!
192 948 340 987 illustri
376 962 425 988 eo
467 950 603 986 minus
646 951 941 995 concesserim,
993 963 1080 1002 quo
1117 952 1327 989 minorem

65 1025 269 1065 larvarum
316 1023 486 1064 cuilibet
529 1023 686 1062 bestiae
732 1023 970 1064 additarum
1032 1028 1200 1076 copiam
1233 1025 1327 1063 red-

67 1102 159 1146 dat,
188 1113 257 1138 sex
284 1101 394 1137 enim
424 1107 522 1137 octo
550 1099 616 1137 vel
652 1098 793 1150 plures
823 1109 983 1138 tantum
1014 1101 1161 1141 adesse
1188 1102 1325 1149 tradit,

64 1189 159 1214 cum
188 1188 284 1214 oves
313 1188 439 1225 saepe
467 1174 521 1212 ad
539 1183 704 1213 centum
732 1188 867 1228 usque
893 1178 937 1213 in
965 1177 1138 1215 sinubus
1164 1178 1325 1216 fronta-

63 1250 168 1289 {ibus
195 1251 379 1288 foveant.
447 1249 574 1287 Aliud
612 1260 722 1288 certe
752 1260 793 1288 et
819 1254 949 1289 victus
979 1253 1148 1304 quidem
1175 1255 1324 1292 vitium

62 1327 224 1366 hoedos
256 1325 520 1378 pessumdat,
557 1339 638 1366 nec
670 1339 694 1364 a
720 1329 865 1378 paucis
899 1326 1021 1365 larvis
1051 1331 1320 1376 emoriantur,

62 1417 155 1442 cum
174 1405 403 1442 sanis-simas
431 1411 591 1439 tantum
615 1400 760 1441 bestias
781 1401 832 1440 ab
864 1405 1005 1441 oestris
1026 1407 1116 1456 peti
1142 1414 1319 1444 constet·

164 1480 202 1519 5.
236 1480 412 1516 oestrus
440 1477 633 1515 cuniculi
661 1477 851 1526 (Clark
878 1478 905 1516 1.
937 1493 969 1519 ο.
1006 1494 1048 1532 p.
1079 1485 1187 1533 299.)
1224 1483 1319 1521 Lar-

57 1569 109 1593 va.
138 1555 213 1593 sub
240 1554 433 1606 leporum
464 1563 505 1591 et
534 1553 774 1592 animalium
804 1555 988 1594 affinium
1017 1566 1111 1596 cute
1126 1561 1170 1596 in
1185 1558 1319 1597 Geor-

57 1635 124 1687 gia
151 1632 400 1672 Americana
436 1627 622 1668 habitare
663 1630 796 1679 dicta,
840 1645 965 1685 quam
1009 1636 1134 1671 oestri
1174 1632 1317 1671 bovini

57 1708 189 1760 duplo
216 1708 351 1758 major
389 1713 470 1753 est,
510 1713 558 1742 ut
596 1704 644 1746 cl.
673 1709 733 1744 vir
761 1707 948 1746 animalis
977 1710 1145 1759 majoris
1173 1711 1317 1763 generi

57 1785 196 1822 forsan
223 1783 419 1821 exstincto
435 1783 608 1833 proprie
633 1781 880 1822 destinatam
907 1784 1034 1823 fuisse
1062 1786 1317 1835 suspicetur;

55 1860 136 1898 hoc
164 1857 336 1912 quidem
362 1859 427 1896 vix
455 1857 716 1905 admiserim,
753 1871 851 1898 nam
879 1861 913 1897 si
938 1873 1069 1916 genus
1096 1863 1174 1912 ipsi
1202 1860 1316 1899 habi-

56 1942 186 1983 tatum
217 1935 484 1986 exstirpatum
512 1933 647 1981 foret,
685 1936 774 1987 ipse
811 1948 910 1975 sane
939 1937 1064 1974 simul
1090 1938 1313 1974 interiisset

56 2020 239 2057 oestrus,
266 2023 346 2049 nec
375 2018 653 2048 entozoorum
679 2013 955 2050 maximorum
992 2015 1037 2051 in
1065 2012 1310 2051 animalibus

52 2090 188 2140 parvis
217 2085 459 2135 obviorum,
501 2099 539 2125 v.
569 2099 603 2124 c.
631 2086 816 2126 Taeniae
853 2089 1107 2131 Gesterostei
1133 2088 1308 2136 solidae,

55 2164 244 2216 exempla
272 2164 430 2204 desunt,

129 2241 176 2278 B.
228 2240 345 2279 Aliae
387 2241 537 2280 iterum
579 2240 825 2281 Oestrorum
864 2241 1003 2280 larvae
1038 2242 1087 2278 in
1129 2239 1308 2278 sinubus

52 2329 257 2370 pecorum
272 2316 555 2369 frontalibus
582 2326 824 2373 occussrunt.

155 2393 196 2434 6,
227 2392 402 2430 oestrus
421 2394 518 2431 ovis
545 2407 594 2433 ex
620 2393 672 2435 cl.
703 2393 863 2434 Clark
890 2395 1093 2433 sententia
1111 2396 1198 2433 ovis
1218 2402 1306 2432 tan-

51 2478 140 2507 tum
168 2468 317 2521 hospes
346 2457 424 2518 est,
465 2469 539 2510 sed
575 2470 652 2510 cel.
687 2469 938 2510 Fiscllero
987 2470 1042 2522 (l.
1072 2484 1107 2510 c.
1142 2483 1186 2524 p.
1219 2473 1303 2522 ιζ..)

1379 2490 1403 2513 ἃ)

1409 2528 1417 2539 ι
