1801 3066
376 149 428 180 VI

381 250 507 319 quin
539 261 867 306 scrutatore5‚
912 247 1109 307 omnia,
1169 260 1414 314 quantum
1447 248 1641 310 liceret,

382 347 747 415 comparando,
785 363 1060 411 corporum
1093 347 1399 395 naturalium
1428 330 1645 411 systema

378 448 590 497 tandem
625 445 1090 514 deprehenderent,
1126 459 1393 508 systemate
1430 448 1642 496 condito

381 548 581 614 singula
614 546 794 595 melius
832 559 1162 610 exponerent.
1226 548 1526 617 ¹Innumera
1570 563 1646 593 se-

382 649 549 696 canda
586 659 730 694 erant
764 644 1022 704 animalia,
1070 657 1126 691 ut
1159 645 1444 695 eorundem
1477 616 1647 710 hospi-

378 759 454 794 tes
492 756 951 811 cognoscerentur,
1001 742 1287 811 horumque
1333 744 1644 810 contempla-

377 848 519 893 tione
555 844 780 901 assidua,
825 842 984 890 oculis
1018 843 1100 891 vel
1141 845 1290 892 nudis
1326 844 1405 892 vel
1441 848 1644 891 armatis

376 934 617 1005 instituta,v
646 945 876 993 sectione
894 959 1137 1008 suspensa
1154 942 1289 995 facta
1307 961 1476 1004 manu,
1507 960 1643 990 com-

376 1044 647 1109 paratione
684 1042 891 1093 demum
925 1026 1205 1107 uberrima²
1263 1044 1328 1095 ad
1373 1060 1489 1091 eum
1521 1042 1644 1092 Hel-

375 1141 711 1206 minthologia
747 1142 960 1207 gradum
993 1147 1180 1192 sensim
1204 1156 1380 1191 evecta
1408 1155 1496 1202 est,
1537 1159 1640 1209 quo

375 1258 484 1289 non
516 1243 769 1292 immerito
806 1242 1110 1311 gaudemus,
1156 1255 1480 1308 posterorum
1520 1242 1644 1289 licet

379 1354 531 1390 curae
552 1340 925 1406 quamplurima
945 1358 975 1386 a
997 1342 1144 1389 nobis
1165 1342 1505 1408 relinquenda
1530 1345 1642 1400 sint.

501 1440 849 1484 Entozoorum
875 1436 1111 1500 studium,
1152 1439 1295 1504 quod
1329 1457 1436 1487 non
1470 1452 1645 1490 tacen-

333 1592 340 1598 .
375 1532 498 1579 dum
533 1547 629 1595 est,
681 1537 914 1583 maximis
958 1538 1205 1600 premitur
1241 1536 1638 1596 difficultatibus,

375 1632 547 1677 omnia
585 1634 720 1682 enim
763 1632 1015 1692 animalia,
1060 1633 1278 1703 plurima
1315 1623 1437 1685 licet
1462 1636 1649 1701 'hospi--

374 1742 449 1781 tes
493 1733 613 1781 istos
654 1734 950 1798 saepissime
991 1732 1224 1795 foveant,
1285 1738 1427 1783 omni
1468 1751 1640 1801 neque

372 1826 509 1890 loco,
553 1847 726 1897 neque
774 1843 1003 1897 tempore
1049 1834 1260 1886 eosdem
1292 1835 1532 1905 produnt,
1570 1848 1637 1895 ut,

371 1922 598 1998 plurimis
632 1935 812 1983 vermis
850 1932 1111 1995 cujusdam
1144 1934 1424 2000 indagandi
1461 1951 1637 1998 caussa

374 2025 612 2090 dissectis,
648 2034 754 2083 voti
787 2044 957 2080 tamen
981 2050 1138 2099 saepe
1161 2051 1371 2105 compos
1397 2052 1504 2082 non
1528 2033 1635 2082 fue-
1681 2035 1684 2040 “

372 2127 454 2181 τῖε.
538 2130 838 2180 Innumeros
878 2134 988 2198 ipse
1031 2151 1196 2182 mures
1231 2137 1386 2194 secui,
1424 2132 1634 2182 Tricho-
1700 2158 1710 2163 2

375 2226 646 2291 Cephalum
678 2241 852 2281 tamen
885 2250 1150 2298 nunquam
1182 2214 1236 2280 in
1269 2233 1452 2285 iisdem
1485 2248 1642 2301 repe--

372 2326 430 2385 ri,
467 2326 629 2393 talpas
666 2343 802 2379 certe
839 2332 1172 2398 quadraginta
1207 2335 1400 2400 aperui,
1437 2345 1488 2379 at
1519 2333 1634 2379 Mo-

372 2438 609 2476 nos‘toma
656 2443 918 2479 ocreatum
963 2431 1145 2483 frustra
1193 2434 1445 2498 quaesivi3
1499 2433 1634 2483 ranis
