1801 3066
448 133 500 178 42

583 234 750 272 Horum
807 236 1012 273 vermium
1076 237 1202 274 etiam
1254 238 1299 275 in
1363 235 1492 274 libris
1553 240 1718 291 spuriis

501 311 846 362 Hippocrati
883 311 1010 364 vulgo
1047 312 1265 365 adscriptis
1306 316 1430 352 variis
1457 312 1562 352 loeis
1599 329 1716 354 men-

501 390 560 425 tio
601 387 668 436 fit,
708 391 767 426 sic
802 403 838 426 v.
872 403 904 425 e.
941 389 1166 427 Ascarides
1195 392 1238 428 in
1278 389 1488 442 pudendo
1518 390 1715 430 muliebri

503 474 546 503 et
580 465 782 506 intestino
830 475 950 503 recto
991 479 1238 510 occurrere:
1287 467 1340 505 de
1377 466 1512 505 morb.
1552 467 1713 506 mulier.

498 539 569 581 lib.
614 555 650 578 2.
697 552 795 580 sect.
836 551 871 587 5.
912 556 951 594 p.
993 550 1079 588 255.
1157 544 1361 583 Homines
1401 546 1632 589 verminosi
1670 546 1715 582 in

500 620 626 656 coicis
678 618 1034 670 praenotionibus
1072 630 1170 659 sect.
1212 633 1245 658 2.
1294 634 1335 672 p.
1380 633 1464 672 129.
1512 623 1713 678 οισ-κοιξιδω-

495 696 565 741 δχεες
595 695 872 747 appellantur.

576 773 626 810 In
664 772 774 812 libro
824 774 996 813 tandem
1033 785 1184 827 quarto
1231 775 1283 813 de
1318 773 1476 813 morbis
1514 776 1635 825 (sect.
1674 779 1710 818 5.

495 864 534 901 p.
567 865 640 900 70,
671 854 749 902 71.)
779 852 941 890 Taenia
969 867 998 890 s.
1030 854 1178 913 verinis
1207 851 1313 890 latus
1349 854 1488 904 (ἓλμινς
1533 853 1710 904 ram-210⁶)

495 936 538 965 et
566 927 760 979 quidem,
799 938 846 966 ut
875 942 923 967 ex
950 931 1098 977 variis,
1138 931 1389 981 praesertim
1422 927 1606 967 articulis
1637 929 1711 965 de-

492 1006 608 1055 jectis
639 1005 758 1057 (cum
789 1004 938 1057 quibus
963 1020 1110 1044 semen
1137 1008 1397 1053 cucumeriS,
1428 1028 1532 1049 σικυε
1565 1025 1711 1062 σπεξμοι

495 1084 729 1133 comparat)
761 1081 930 1120 abunde
961 1091 1102 1134 patet,
1140 1081 1244 1120 Solii
1273 1085 1435 1133 species
1472 1080 1709 1126 exhibetur;

491 1159 536 1195 in
562 1156 682 1196 foetu
712 1171 960 1206 occurrere,
997 1158 1139 1198 forsan
1170 1157 1455 1215 hypothetice.

437 1234 501 1286 93.
531 1233 705 1272 Aurel.
755 1236 908 1274 Corn.
948 1235 1096 1275 Celsi
1126 1236 1179 1275 de
1215 1236 1435 1274 Medicina
1465 1234 1563 1274 libri
1592 1244 1709 1282 octo,

493 1325 595 1349 cura
624 1309 711 1349 Th.
741 1311 772 1348 J.
805 1311 866 1349 ab
896 1311 1258 1367 Almeloveen.
1306 1312 1442 1365 Lugd.
1473 1313 1561 1350 Bat.
1597 1312 1706 1362 1730.

488 1390 526 1430 S.
557 1387 583 1411 ’κ
636 1387 685 1424 In
711 1386 810 1423 libri
839 1387 910 1424 IV.
941 1388 1042 1438 Cap.
1060 1388 1192 1424 XVII.
1222 1401 1262 1438 p.
1293 1401 1380 1439 227.
1412 1388 1466 1427 de
1495 1388 1577 1426 alvi
1602 1388 1706 1425 lum-

488 1461 613 1501 bricis
650 1461 944 1515 vulgatissimis
985 1465 1133 1515 agitur.

434 1543 498 1592 94.
530 1540 648 1590 Caji
676 1538 842 1577 Plinii
871 1539 1101 1577 secundi
1128 1539 1343 1578 Historiae
1372 1540 1573 1579 naturalis
1592 1540 1708 1583 Libri

486 1614 706 1653 XXXVII.
738 1615 806 1653 ed.
831 1615 902 1652 Jo.
932 1614 1257 1654 Harduinus.
1289 1617 1414 1654 Paris.
1445 1617 1556 1666 1723.
1586 1618 1635 1670 Τ.
1655 1617 1704 1655 ΙΙ.

486 1691 561 1729 fol.
600 1691 628 1717 Ψ(
682 1687 1081 1744 Quemadmodum'
1104 1701 1254 1730 auctor
1298 1690 1459 1731 fabulas
1503 1692 1705 1744 plurimas

486 1778 684 1820 repetere
710 1782 801 1807 non
828 1778 1008 1817 recusat,
1038 1770 1099 1807 sic
1130 1769 1254 1808 etiam
1283 1771 1440 1807 tineam
1469 1769 1704 1822 (Taeniam)

487 1847 696 1883 tricenum
723 1845 885 1897 pedum
922 1844 1012 1896 (lib.
1042 1845 1114 1883 XI.
1147 1847 1248 1898 Cap
1278 1846 1341 1885 55
1380 1847 1429 1885 Τ.
1457 1845 1488 1883 Ι.
1517 1859 1558 1897 p.
1585 1846 1703 1902 611.)
1745 1874 1752 1877 v

487 1919 624 1958 habet.
672 1921 861 1983 Sequens
892 1933 1034 1962 tamen
1065 1921 1310 1961 observatio
1331 1922 1599 1963 medicorum
1619 1923 1723 1962 sol-¹

484 1996 653 2035 lertiam
693 1997 907 2050 quandam
944 2001 1167 2051 supponit;
1214 2001 1371 2038 Tineas
1410 1998 1569 2039 scilicet
1595 1999 1702 2037 lum-

485 2073 709 2127 blicosque
745 2077 880 2113 inesse
909 2076 1117 2130 Aegypti,
1155 2074 1359 2125 Arabiae,
1398 2077 1570 2131 Syriae,
1602 2076 1702 2115 Cili-

487 2152 575 2189 ciae
604 2150 799 2204 populis,
844 2165 866 2189 e
899 2151 1068 2191 diverso
1101 2152 1335 2202 Graeciae,
1373 2151 1581 2207 Phrygiae
1611 2167 1702 2191 om-

484 2230 587 2266 nino
623 2242 713 2267 non
747 2230 930 2273 innasci;
978 2228 1192 2267 Thebanis
1232 2231 1394 2267 innasci
1434 2243 1528 2267 cum
1565 2230 1701 2272 absint

483 2302 835 2353 Atheniensibus,
862 2306 911 2343 T.
940 2306 989 2342 ΙΙ.
1018 2320 1057 2357 p.
1081 2311 1169 2356 440.
1200 2302 1337 2344 tradit.
1377 2307 1564 2345 Assertio
1586 2315 1700 2346 certe

485 2382 674 2434 quodam
711 2394 908 2434 respectu
942 2382 1069 2430 falsa,
1114 2383 1190 2421 sed
1229 2381 1528 2422 observatione
1557 2393 1698 2421 tamen

483 2460 606 2496 inniti
639 2459 808 2500 videtur
845 2444 898 2500 de
939 2460 1103 2500 diversa
1132 2462 1339 2504 vermium
1367 2463 1491 2500 variis
1520 2462 1566 2499 in
1591 2459 1696 2498 locis

484 2534 731 2587 frequentia.
