1801 3066
740 323 815 375 II.
901 325 1405 397 Syscemaca.

536 434 646 474 Ante
673 433 973 472 Linnaeum
1007 447 1169 473 vermes
1199 436 1455 477 intestinales
1484 451 1702 493 nunquam

432 512 695 564 systematice
727 510 920 561 dispositi
949 509 1091 557 fuere3
1129 514 1218 563 ipse
1245 527 1404 564 paucos
1436 524 1596 555 tantum
1625 531 1705 555 no-

429 589 511 632 vit,
559 585 635 625 hos
665 586 895 638 nequidem
923 586 1033 625 bene
1064 587 1262 642 digessit,
1310 600 1534 644 systemate
1563 602 1704 632 tamen

433 665 638 712 condito,
686 672 904 714 posteros,
950 664 1021 715 qui
1069 665 1345 704 emendarent
1391 676 1432 704 et
1479 679 1703 720 augerent,

433 742 645 787 excitavit,
688 749 735 777 ut
764 741 809 776 in
837 737 916 776 hae
947 741 1072 777 etiam
1100 741 1310 781 Historiae
1336 741 1536 781 naturalis
1566 753 1702 795 parte,

433 816 663 854 diutissime
692 815 912 869 neglecta,
968 817 1202 855 Inscicntor·
1232 820 1322 870 jure
1344 820 1598 871 *meritoque
1627 831 1704 856 no-

430 892 650 930 minandus
693 895 756 930 sit.
842 893 1060 932 Editiones
1101 907 1279 945 operum
1324 896 1486 946 priores
1527 896 1704 941 omitto,

429 981 484 1006 ne
513 971 664 1006 nimius
694 967 804 1008 fiam.

434 1058 490 1081 11,
528 1046 713 1084 Caroli
743 1061 765 1084 a
793 1042 965 1086 Linne
994 1046 1183 1102 Systema
1210 1048 1410 1086 Naturae.
1440 1048 1489 1087 T.
1519 1047 1550 1087 Ι.
1588 1041 1703 1087 Ρ.ἸῘ.

483 1121 560 1158 Ed.
592 1121 683 1160 XII.
715 1121 853 1161 HoIm.
889 1123 1000 1175 1767.
1020 1131 1056 1169 8·-
1075 1123 1101 1148 ’κ
1153 1124 1356 1163 Intestina
1383 1137 1426 1175 p.
1452 1128 1704 1175 1075-1078.

482 1196 707 1253 Zoophyta
738 1213 777 1250 p.
811 1205 1065 1246 1320-1525.
1122 1201 1191 1240 Ad
1218 1199 1289 1239 illa
1319 1200 1552 1247 Gordium,
1581 1200 1708 1238 Asca-

483 1274 621 1311 ridem
668 1284 710 1312 et
754 1274 988 1315 Fasciolam
1033 1279 1129 1316 satis
1176 1276 1309 1321 bene;
1367 1275 1422 1313 ad
1459 1274 1564 1314 haec
1603 1289 1706 1315 vero

484 1350 742 1402 Hydatulam
774 1362 815 1389 et
843 1354 1049 1392 Taeniam
1077 1366 1304 1405 perperam
1341 1351 1494 1390 retulit.
1567 1352 1708 1389 Gene-

482 1441 537 1465 ra
565 1432 702 1466 minus
744 1428 852 1467 bene
893 1429 1063 1467 condita
1092 1438 1210 1477 sunt,
1265 1427 1430 1479 species
1456 1440 1619 1466 vermes
1650 1427 1711 1466 di-

483 1506 741 1542 versissimos
772 1507 983 1542 coercent.
1048 1504 1115 1541 De
1146 1503 1213 1540 ed.
1242 1502 1354 1541 XIII.
1385 1502 1495 1540 conf.
1524 1516 1565 1540 n.
1585 1502 1656 1549 ‘23-

437 1589 495 1615 12.
525 1577 645 1625 Ejus
674 1579 878 1616 Mentissa
901 1577 1142 1630 plantarum
1168 1577 1309 1615 altera.
1340 1575 1480 1615 Holm.
1507 1584 1668 1628 1771.8.
1685 1579 1712 1603 'k

485 1652 733 1692 Ascaridem
771 1651 1015 1691 trichiuram
1044 1650 1454 1704 (Trichocephalum
1482 1653 1711 1692 Recentio-

485 1730 600 1779 rum)
643 1737 683 1766 et
712 1727 1049 1779 sesquipedalem
1086 1728 1167 1779 (ad
1194 1729 1385 1769 Entozoa
1413 1731 1586 1767 minime
1614 1742 1711 1781 per·

485 1805 715 1857 tinentem)
745 1804 800 1842 ad
829 1802 987 1842 calcem
1016 1807 1156 1856 operis
1185 1819 1225 1856 p.
1256 1810 1343 1856 545.
1374 1806 1537 1858 adjecit.

438 1887 497 1927 13.
526 1876 696 1921 Linne
725 1879 1025 1934 vollstiindiges
1054 1881 1345 1935 Natursystem
1366 1880 1474 1921 nach
1494 1882 1571 1921 der
1590 1893 1713 1922 12ten

486 1953 763 1994 lateinischen
803 1954 1001 2009 Ausgabe
1051 1957 1140 1995 und
1191 1955 1298 1996 nach
1350 1957 1582 2013 Anleitung
1637 1960 1710 1998 des

487 2029 973 2086 Houttuynischen
1010 2031 1162 2071 Werks
1199 2046 1285 2072 von
1321 2033 1541 2087 Philipp
1581 2035 1712 2074 Lud-

487 2109 586 2162 wig
615 2107 822 2146 Statius
852 2107 1068 2147 Mulier.
1105 2109 1173 2147 VI.
1204 2108 1328 2149 Theil
1356 2124 1443 2151 von
1469 2113 1709 2152 Wfirmern.
1746 2136 1754 2147 x

489 2183 649 2224 Nurnb.
684 2189 794 2236 1775.
824 2190 859 2230 8.
888 2183 915 2210 ⁴‘
966 2184 986 2224 I
1013 2185 1057 2223 B.
1087 2199 1127 2237 p.
1156 2193 1208 2232 50
1232 2210 1249 2216 -
1273 2192 1335 2238 44.
1391 2187 1483 2226 Taf.
1512 2187 1543 2229 Ι,
1599 2187 1639 2226 II
1667 2188 1710 2226 B.

488 2274 529 2312 p.
559 2273 745 2313 902·9o9.
775 2260 879 2316 Tab.
907 2260 970 2307 36.
1027 2263 1195 2314 Species
1238 2264 1596 2303 Linnaeanae
1640 2264 1712 2307 de-

489 2336 756 2383 scribuntur;
809 2350 947 2376 novae
985 2338 1197 2390 quaedam
1233 2341 1290 2393 (v.
1331 2354 1363 2394 (ἱ.Ι
1399 2341 1562 2392 Taenia
1600 2339 1712 2383 Stru-

488 2410 753 2469 thiocameli)
801 2415 1118 2474 praetereundo
1167 2418 1450 2469 nominantur.
1532 2417 1712 2456 Taenia-

490 2502 585 2551 {um
613 2491 758 2529 icones
788 2503 811 2528 a
850 2491 1128 2540 Linnaeo,
1182 2492 1359 2547 Ligulae
1389 2507 1413 2532 a
1452 2494 1714 2545 Spoerin-
