1801 3066
1303 163 1381 203 551

121 270 177 296 ne
205 256 347 297 habita
374 257 496 297 valde
521 267 735 308 magnum,
762 266 842 293 nec
868 255 1039 296 ultimus
1076 259 1195 298 deest
1232 273 1381 313 corpo·

121 335 175 372 ris
207 333 412 379 articulus,
441 331 513 369 sed
543 332 731 369 omnium
757 329 1013 386 reliquarum
1049 338 1231 383 partium
1270 336 1383 374 rudi-

120 419 263 448 menta
290 418 448 461 tantum
476 406 707 454 habentur,
735 415 783 444 ut
811 419 955 445 earum
993 406 1234 449 evolutione
1269 412 1382 449 facta

121 484 365 537 magnitudo
394 496 557 521 summa
586 484 730 536 attingi
757 484 901 535 possit.
955 482 1133 521 Taenias
1165 488 1275 522 enim
1296 501 1382 525 ma—

350 562 457 607 onis,
495 561 688 598 minimas
719 569 857 597 autem
886 558 1132 597 brevissimis
1160 561 1382 600 instructas

346 590 370 614 o

121 648 208 674 esse
238 635 433 682 articulis,
463 644 509 672 ut
535 631 923 673 fere-solummodo
952 647 1123 687 rugosas
1153 647 1254 683 esse,
1286 650 1383 674 con-

118 561 247 597 ximas
276 573 343 597 ma

121 720 215 758 stat,
242 725 323 750 nec
352 713 484 751 antica
513 719 672 748 tantum
703 711 777 749 sed
796 710 1009 764 quaelibet
1037 711 1267 749 Taeniolae
1286 725 1381 763 pars

122 790 346 841 augmenti,
372 799 456 840 quo
480 786 874 839 indiget‚particeps
896 786 951 834 fit,
966 786 1233 839 articulisque
1254 791 1383 839 posti-

122 866 179 902 cis
194 863 399 914 perfectis,
412 876 671 916 munereque
698 863 851 901 functis
877 863 1048 901 tandem
1075 862 1381 912 secedentibus,

119 951 230 978 nova
249 940 480 991 eorundem
501 932 624 978 series
654 936 892 992 iterumq'ue
912 952 1023 977 nova
1047 940 1288 990 explicatur,
1320 955 1385 978 us-

122 1027 205 1068 que
223 1015 323 1053 dum
346 1018 453 1054 vitae
474 1019 674 1055 terminus
697 1023 892 1066 ponatur.
920 1015 993 1052 His
1008 1015 1193 1053 admissis
1209 1015 1384 1054 Taenia—

119 1104 211 1129 rum
231 1092 445 1136 crescendi
464 1092 616 1129 modus
637 1091 797 1129 facilius
820 1090 1074 1145 intelligitur,
1087 1104 1308 1143 novosque
1322 1106 1384 1130 ar-

120 1166 269 1205 ticulOS
292 1169 336 1204 in
357 1177 478 1218 parte
506 1169 642 1206 antica
671 1181 804 1220 aeque
825 1181 976 1218 parum
1000 1182 1046 1206 ac
1065 1170 1109 1205 in
1130 1170 1290 1218 postica
1313 1167 1384 1206 ad·

122 1242 179 1290 di,
200 1243 275 1281 sed
297 1244 534 1282 rudimenta
550 1243 684 1282 ubivis
715 1243 848 1281 evolvi
877 1253 918 1282 et
944 1244 1090 1295 perlici
1117 1244 1381 1282 crediderim.

199 1318 477 1371 Reliquorum
507 1321 631 1357 etiam
661 1329 934 1357 entozoorum
953 1322 1258 1358 incrementum
1288 1334 1383 1358 ea„—

124 1394 221 1432 dem
249 1408 421 1445 prorsus
452 1395 633 1433 admittit
673 1394 1018 1446 explicationem,
1054 1399 1231 1433 materia
1266 1399 1384 1434 nimi—

120 1483 215 1507 rum
253 1471 470 1510 assimilata
503 1470 764 1509 nonxsolum
802 1483 954 1521 corpus
986 1484 1133 1508 eorum
1160 1475 1382 1519 nutriente,

119 1545 185 1583 vel
209 1547 412 1596 jacturam
432 1555 670 1598 reparante,
700 1546 774 1584 sed
800 1546 990 1593 insimul,
1030 1535 1236 1598 quatenus
1275 1561 1382 1599 opus

120 1615 201 1668 sit,
248 1621 364 1660 idem
394 1631 594 1675 augente,
631 1623 851 1674 majusque
877 1622 1093 1661 reddente.
1146 1623 1260 1661 Ultra
1286 1638 1384 1662 vero

119 1698 319 1752 progredi
344 1699 514 1735 nonnisi
539 1697 781 1748 phantasiae
808 1697 968 1736 licitum
997 1708 1074 1745 est,
1115 1700 1182 1737 cui
1209 1701 1253 1737 in
1279 1700 1384 1753 phy-

121 1776 213 1812 sicis
241 1787 296 1812 ne
323 1776 442 1812 nimis
468 1774 700 1827 indulgeas,
731 1774 978 1813 cavendum.

720 1875 755 1923 ς.
786 1886 823 1911 2.

627 1971 879 2015 Aetas.

202 2078 420 2117 Vermium
431 2077 727 2117 intestinalium
749 2078 875 2133 longe
892 2077 1171 2131 plurimorum
1183 2082 1309 2118 vitam
1321 2080 1385 2118 fu-

122 2152 392 2208 gacissimam,
402 2154 661 2208 reliquorum
675 2155 910 2208 longiorem
927 2155 1112 2208 quidem,
1135 2165 1175 2193 at
1187 2157 1384 2194 determi·
1403 2147 1412 2159 ⁸

121 2238 226 2271 natu
236 2230 444 2285 difficilem
458 2243 559 2278 esse,
570 2234 796 2279 neminem,
808 2233 878 2286 qui
893 2232 1061 2271 eosdem
1078 2232 1231 2270 diutius
1244 2232 1383 2270 obser·

124 2307 291 2352 vaverit,
311 2306 455 2360 fugere
476 2309 641 2359 poterit.
685 2308 930 2365 Longaevos
954 2311 1217 2359 praemittere
1251 2308 1380 2347 lubet.

203 2381 373 2419 Fz‘laria
403 2381 673 2420 medinensis
698 2383 786 2422 fere
813 2387 937 2424 unica
972 2394 1049 2432 est,
1093 2385 1146 2423 de
1176 2384 1259 2439 qua
1288 2400 1383 2424 cum

127 2457 377 2496 certitudine
406 2456 542 2509 aliqua
570 2463 832 2510 pronuntiari
858 2470 1011 2513 potest.
1067 2462 1226 2501 Eadem
1255 2465 1382 2510 enim,
