1801 3066
1256 105 1305 149 63

100 212 187 258 nis,
239 206 509 262 Strongylum
549 203 747 242 inflexum
788 201 889 239 mihi
934 204 1087 243 dimum
1127 209 1170 244 in
1205 208 1308 247 Del..

103 284 224 338 phini
265 282 508 322 Phocaenae
547 280 734 332 tympani
771 291 896 326 cavo,
933 278 1153 332 hydatides
1181 286 1225 321 in
1253 287 1306 322 si-

104 362 196 399 miis
228 356 371 398 obvios
401 363 627 395 enumerat.

52 450 138 475 202.
166 434 355 473 Ericus
384 429 674 468 Seffstrbm
701 431 770 466 in:
810 430 878 483 Ny
908 429 1082 468 Journal
1110 437 1168 469 uti
1199 435 1305 475 Hus.

104 509 351 560 haillningen.
407 502 653 543 Stoekholm
686 517 799 556 1799.
832 511 868 549 8.
900 505 955 543 St.
983 512 1021 550 3.
1049 519 1090 556 p.
1126 507 1304 561 156-159.

102 586 128 611 ¹*
153 595 261 622 vers.
293 583 339 619 in
366 581 416 618 K.
444 580 490 617 A.
519 578 847 630 Rudolphi’s
877 578 1199 621 Schwedischen
1225 586 1306 622 An-

100 659 228 698 nalen
255 657 332 696 der
358 654 543 694 Medicin
570 655 661 692 und
679 653 1053 707 Naturgeschiohte
1081 658 1125 694 B.
1144 658 1174 695 Ι.
1205 659 1254 696 H.
1270 673 1306 701 2.

107 747 152 785 p.
186 736 378 781 102-104.
399 730 424 755 ⁴‘
470 729 671 768 Morbum
701 732 818 769 annis
853 743 950 782 1797
982 741 1023 768 et
1054 739 1164 784 1798.
1196 737 1308 774 inter

107 808 380 860 plurimarum
407 808 629 859 regionum
657 804 760 843 feles
797 816 1068 859 grassantem,
1096 810 1307 851 vermibus

101 883 253 923 tribuit.
322 881 406 921 Has
435 880 611 932 Adolp
629 878 655 917 h
682 880 765 918 Mo
779 881 911 918 deer
950 887 1220 933 examinavit,
1265 898 1308 925 et

98 971 178 1010 pro
212 957 481 996 Ascaridibus
521 959 614 996 Cati
657 955 922 1010 vulgaribus,
972 959 1110 998 morbi
1144 974 1304 1015 nequa-

100 1046 224 1086 quam
254 1048 421 1082 caussa,
451 1035 631 1086 agnovit.

51 1116 135 1154 203.
164 1107 500 1163 systematisches
525 1107 763 1148 Handbuch
786 1109 863 1148 der
890 1109 1306 1166 theoretisch·prak-

100 1183 261 1228 tischen
287 1183 864 1234 Veteriniir-Wissenschaft,
893 1201 976 1226 von
1004 1188 1079 1228 Fr.
1109 1189 1305 1244 Pilger.

105 1275 136 1300 1.
165 1262 208 1299 B.
241 1261 416 1299 Giessen
449 1266 559 1306 1801.
589 1275 623 1298 2.
652 1262 696 1298 B.
725 1261 781 1300 ib.
815 1269 925 1309 1802.
956 1267 991 1305 ὃ.
1021 1266 1045 1288 ‘¹‘
1098 1265 1146 1304 In
1174 1268 1225 1305 T.
1253 1267 1303 1307 II.

102 1338 149 1376 P.
177 1336 227 1374 H.
255 1350 295 1387 p.
331 1336 583 1385 1264-1320.
614 1336 666 1373 de
701 1337 938 1376 animalium
978 1340 1307 1382 domesticorum

104 1410 336 1458 vermibus,
364 1409 606 1462 morbisque
635 1410 734 1448 inde
764 1412 950 1450 oriundis
979 1417 1084 1465 agit,
1112 1416 1206 1455 iHos
1234 1431 1305 1457 au-

105 1497 190 1525 tem
228 1485 543 1532 enumerando,
589 1483 730 1522 Chab
745 1495 917 1523 ertum
957 1491 1077 1527 nimis
1117 1504 1304 1543 secutus,

103 1561 284 1613 plurima
312 1574 350 1597 v.
379 1572 411 1597 c.
469 1559 727 1612 Oxyuridem
758 1562 853 1611 equi
883 1574 974 1598 cum
1002 1561 1180 1603 hominis
1211 1568 1304 1605 Tri-

104 1633 384 1687 chocephalo,
413 1633 683 1688 Strongylum
704 1645 907 1673 armatum
935 1639 975 1674 in
1007 1646 1304 1695 aneurysmati-

104 1712 179 1751 bus
209 1711 378 1750 obvium
407 1722 500 1748 curn
528 1709 713 1760 Fflariis,
752 1709 824 1750 has
862 1726 956 1751 cum
997 1717 1302 1759 comedonibus

105 1787 347 1835 confundit,
378 1787 430 1825 de
457 1788 659 1825 vermium
689 1796 828 1826 tamen
856 1791 977 1840 copia
1011 1797 1203 1843 proprias
1232 1796 1303 1836 ha..

104 1865 177 1903 bet
204 1863 538 1912 observationes,
583 1872 624 1902 et
655 1862 825 1916 reliquis
854 1866 1122 1915 scriptoribus
1150 1876 1302 1911 veteri-

105 1942 228 1979 nariis
267 1939 410 1993 quoad
436 1941 637 1980 vermium
666 1942 1024 1982 enumerationem
1056 1946 1302 1995 praeferem-

109 2017 185 2056 dus
214 2026 288 2056 est.
