1801 3066
1253 180 1328 220 113

118 288 277 339 deest.)
330 284 433 323 Viro
464 281 528 319 cui
563 272 749 330 plurifna
778 274 1006 326 debemus,
1049 289 1130 318 nec
1155 293 1329 332 praeter

111 366 221 404 Har
238 374 301 402 tm
317 369 505 398 annum
533 362 699 392 veteres
728 353 843 391 inter
861 351 1234 411 Helininthologos
1256 372 1329 410 pa-

113 454 206 480 rem
247 433 515 489 agnoscenti,
560 428 716 468 eodem
754 428 845 467 fere
882 437 1078 479 tempore
1117 444 1164 468 ac
1192 432 1329 472 Mal-

116 510 309 568 pighio
353 512 394 547 et
431 507 801 553 Hartmanno,
830 502 1082 558 hydatidum
1108 507 1236 544 vitam
1264 524 1330 547 ex-

109 585 306 641 periendi
337 573 502 623 occasio
532 582 719 633 contigit.
763 579 929 618 Dubius
956 581 1142 625 incedit,
1172 584 1327 622 animal

112 673 258 702 tamen
295 662 360 700 sui
399 659 562 713 generis
602 670 695 694 esse
736 656 896 703 credit,
936 657 1055 708 quod
1081 660 1125 694 in
1155 658 1330 699 Gazella

114 754 190 778 seu
227 736 425 787 Antilope
461 733 630 785 Aleppo
673 729 797 770 allata
832 729 1043 785 hydatidis
1081 733 1157 771 sub
1190 735 1331 775 forma

109 816 282 867 reperit.
338 809 558 849 Saeculum
597 808 777 848 alterum
817 806 951 846 altero
983 812 1221 856 contineri;
1266 816 1331 851 in·—

110 900 234 929 terno
276 886 432 926 collum
481 899 661 938 opacum
694 899 810 932 esse,
866 884 1105 933 retractile3
1161 890 1331 929 interne

107 967 257 1005 forsan
283 973 450 1016 partem
481 961 619 1001 adhuc
647 960 803 999 latere:
851 962 1012 1013 utique.
1088 963 1329 1005 vesiculam

108 1041 330 1081 caudalem
359 1042 511 1079 vermis
542 1052 632 1078 esse
663 1035 939 1077 stomachum.
993 1038 1093 1077 Non
1120 1042 1163 1081 in
1193 1046 1330 1081 omni-

109 1117 187 1156 bus
217 1120 360 1156 ovium
388 1115 658 1171 hydatidibus
687 1116 802 1154 idem
830 1117 1012 1163 invenit,
1045 1114 1147 1152 inde
1177 1116 1330 1157 dubius

108 1189 242 1232 'factus
272 1200 344 1232 est.
410 1192 458 1230 In
487 1190 759 1247 hydatidibus
791 1206 841 1231 ex
869 1191 1016 1230 dextro
1053 1188 1234 1231 hominis
1272 1193 1332 1234 la-

110 1279 204 1308 tere
251 1260 631 1322 prorumpentibus
680 1268 840 1307 collum
877 1282 922 1307 se
963 1281 1054 1307 non
1094 1272 1330 1322 reperisse,

107 1338 270 1383 ‘diversi
299 1348 441 1396 itaque
471 1347 638 1397 generis
670 1344 822 1387 fuisse3
877 1342 1030 1381 similes
1059 1357 1152 1384 sese
1186 1349 1233 1386 in
1259 1362 1332 1388 ve-

111 1421 196 1458 sica
223 1421 411 1457 urinaria
441 1428 483 1456 et
511 1419 662 1456 ovariis
693 1417 950 1456 observasse..

197 1494 248 1532 V
243 1497 462 1533 ersionem
496 1493 670 1530 latinam
701 1492 843 1529 datam
871 1507 961 1531 esse
997 1497 1065 1534 in:
1105 1498 1195 1537 Aet.
1224 1500 1333 1539 Ern-

111 1561 234 1608 ditor.
264 1570 373 1619 Lips.
409 1568 518 1619 1692.
547 1581 588 1618 p.
616 1571 820 1617 455-440.
850 1569 1152 1621 Dryander.

57 1654 146 1699 390.
175 1644 208 1682 J.
241 1643 344 1681 Jac.
382 1634 635 1694 Wepferi
677 1642 777 1681 Obs.
809 1643 1050 1684 Grandines
1078 1647 1332 1697 pulmonum

111 1720 375 1771 aliarumque
412 1722 598 1770 partium
644 1733 739 1758 cum
775 1718 941 1772 phthisi.
1006 1721 1056 1760 In
1093 1724 1199 1776 Eph.
1236 1730 1333 1770 Nat,

112 1798 213 1836 Cur.
245 1797 349 1834 Dee.
379 1808 414 1833 2.
445 1806 537 1834 ann.
567 1809 603 1847 9.
632 1809 673 1847 p.
703 1801 778 1846 43¹
803 1801 925 1847 --45ῐθ
955 1798 981 1821 ⁴<
1043 1799 1093 1838 In
1120 1801 1331 1852 phthisico

112 1865 359 1926 pulmones,
398 1868 555 1923 hepar,
595 1882 815 1911 omentum
844 1883 921 1911 etc.
963 1876 1238 1928 grandinibus
1267 1886 1332 1923 in.

111 1951 297 1988 numeris
325 1947 483 1987 referta
511 1950 696 1997 invenit,
733 1950 1031 2002 magnitudinis
1060 1957 1213 1995 variae.
1270 1958 1332 2000 Ex

114 2024 348 2065 earundem
389 2025 699 2077 descriptione,
739 2028 940 2066 animatas
978 2028 1133 2080 fuisse,
1178 2037 1331 2074 evinci-

117 2111 192 2140 tur.
259 2100 477 2140 Musculos
505 2114 595 2140 non
636 2104 897 2142 examinavit.
966 2105 1178 2147 Gallinam
1206 2112 1331 2151 undi.

119 2191 227 2230 que,
258 2179 343 2216 tam
373 2178 516 2230 quoad
542 2177 755 2218 musculos
785 2193 911 2232 quam
938 2184 1121 2234 viscera,
1162 2189 1332 2240 grandi.

119 2265 266 2291 :nosam
302 2246 510 2293 describit.
593 2255 830 2295 Grandines
869 2259 912 2295 in
952 2257 1109 2310 leporis
1154 2260 1332 2317 hepate,

121 2319 414 2384 pulmonibus,
442 2341 670 2382 pancreate
700 2341 775 2370 etc.
839 2328 930 2372 Suis
957 2335 1180 2386 pulmones
1209 2355 1335 2394 gran-

124 2403 308 2442 dinosos.
369 2395 539 2444 Interna
582 2408 808 2461 Cysticerci
846 2406 966 2462 hujus
1006 2411 1163 2466 (sussh')
1202 2430 1332 2456 mem-

126 2475 258 2518 brana
285 2472 539 2530 Wepfero
568 2485 753 2535 primum
783 2497 938 2538 corpus
969 2489 1246 2532 vermiculare
1274 2496 1333 2533 vi,

866 2562 907 2600 H
