1801 3066
1251 227 1330 270 455

57 327 276 367 *moi-tuos,
319 316 386 356 vel
426 325 565 354 motus
592 314 841 366 peristaltici
881 329 965 367 ope
995 332 1220 374 eructatos,
1263 325 1331 364 vel

17 428 20 430 ,
69 394 214 449 fugam
245 407 294 431 ex
320 392 520 430 intestino
551 387 674 428 ichor
712 388 924 428 foetidum
965 398 1222 449 continente,
1260 402 1330 439 iis-

67 483 151 522 que
188 467 402 516 lethifero,
439 465 680 514 molientes,
721 467 973 503 transmittit.
1042 469 1110 507 Sic
1148 475 1193 511 in
1232 488 1329 514 casu

67 543 187 594 (Bibl.
209 552 338 581 nostr.
364 556 404 580 n.
425 544 531 591 510.)
563 541 703 589 allato,
724 541 1050 593 quatuordecim
1080 548 1234 584 sensim
1252 550 1329 588 As..

65 618 227 657 carides
264 616 582 665 lurnbricoides,
632 616 874 655 octodecim
911 620 1022 656 intra
1058 620 1238 672 menses,
1280 638 1328 662 ex

64 691 238 732 herniae
266 691 516 731 umbilicalis
543 689 700 738 fistula;
740 700 782 729 et
807 694 853 730 in
883 693 1017 732 altero
1048 693 1118 743 (ib.
1148 708 1187 734 n.
1216 702 1325 749 517.)

63 768 251 808 Taeniae
281 768 389 807 duae
419 780 468 805 ex
495 764 643 805 hernia
668 766 875 820 inguinali
902 771 1086 820 rejectae
1115 781 1224 812 sunt.
1260 772 1328 824 Ip-

63 857 109 883 se
142 843 271 895 felem
308 844 510 892 dissecui,
551 845 663 894 cujus
698 845 941 882 intestinum
984 853 1112 884 tenue
1151 846 1326 898 sphace-

62 918 201 958 losum
231 929 272 957 et
298 918 504 957 foramine
540 918 729 957 rotundo
767 921 988 970 trajectum
1028 930 1129 971 erat,
1165 924 1210 962 in
1240 936 1326 976 quo

63 994 227 1034 Taenia
253 993 467 1042 haerebat,
496 1003 579 1032 tres
607 1007 708 1032 vero
745 1002 968 1044 praeterea
996 995 1218 1036 Ascarides
1246 1011 1328 1050 per

61 1071 178 1110 idem
218 1083 411 1124 egressae
438 1071 484 1108 in
511 1069 770 1107 mesenterio
807 1062 1099 1109 occurrebant.

166 1147 241 1184 His
268 1147 413 1198 itaque
441 1145 586 1183 animo
614 1156 706 1183 non
731 1156 1050 1198 praeoccupato
1087 1150 1338 1203 pensitatis,¹

61 1221 401 1275 perforationem
419 1220 717 1257 intestinorum
737 1217 1032 1272 humanorum,
1062 1223 1212 1275 quibus
1233 1240 1325 1265 ver-

62 1312 150 1337 mes
178 1286 447 1348 perforantes
478 1293 631 1342 desint,
659 1292 834 1343 nullam,
861 1307 943 1334 nec
963 1301 1201 1349 generatim
1227 1300 1324 1340 ullis

60 1378 107 1414 in
134 1369 383 1412 animalibus
420 1369 608 1407 Taeniae
644 1368 713 1408 vel
740 1371 949 1410 Ascaridis
981 1385 1065 1423 ope
1103 1373 1208 1425 fieri,
1241 1388 1326 1428 nec

63 1461 251 1501 unquam
278 1444 613 1484 inflammatione
640 1445 708 1484 vel
743 1446 945 1497 sphacelo
983 1452 1179 1499 stipatam
1218 1465 1324 1502 esse,

62 1523 471 1563 confirmatissimum
493 1522 585 1568 erit,
612 1532 695 1559 nec
713 1520 907 1560 ulteriori
933 1523 1100 1576 indiget
1120 1529 1324 1567 examine.

166 1598 237 1637 IV.
267 1595 388 1634 Aliae
418 1596 610 1646 corporis
639 1605 780 1646 partes
811 1610 947 1650 aeque
984 1611 1135 1650 parum
1173 1614 1196 1639 a
1232 1616 1324 1641 ver-

59 1672 196 1714 mibus
223 1670 519 1724 perforantur,
560 1679 601 1709 et
635 1671 888 1710 vermiculos
928 1687 1034 1726 quos
1073 1676 1326 1718 Treutler

58 1762 212 1791 venam
255 1749 417 1799 juvenis
462 1746 651 1786 tibialem
695 1749 876 1786 anticam
928 1751 1143 1801 trajecisse
1178 1753 1325 1804 refert,

62 1826 319 1863 extrinsecus
364 1821 466 1860 illuc
517 1823 705 1871 venisse,
746 1824 792 1861 in
845 1823 976 1862 Partis
1033 1828 1326 1870 antecedentis

63 1900 168 1950 Cap.
210 1897 323 1937 XVI.
371 1900 407 1948 §.
452 1909 488 1935 2.
543 1909 613 1934 me
661 1898 758 1936 satis
793 1897 999 1948 probasse
1054 1901 1323 1944 crediderim.

60 1976 161 2014 Duo
191 1982 353 2011 tantum
382 1985 499 2011 casus
530 1973 692 2025 cogniti
719 1981 828 2022 sunt,
863 1974 910 2011 in
947 1972 1098 2026 quibus
1142 1988 1324 2020 entozoa

62 2063 113 2089 ex
141 2051 333 2100 corporis
361 2047 585 2100 superficie
614 2057 850 2098 erumpant,
887 2050 934 2087 in
963 2050 1068 2102 Cap.
1097 2052 1190 2092 XV.
1221 2059 1256 2105 §.-
1285 2070 1323 2095 z.

63 2127 256 2178 expositi.
310 2124 463 2162 Filaria
490 2135 647 2173 nempe
685 2132 770 2160 tam
797 2110 1006 2174 hominis,
1051 2140 1177 2178 quam
1211 2131 1324 2169 inse-

64 2212 228 2240 ctorum
248 2210 290 2239 et
306 2199 455 2254 Ligula
481 2201 662 2250 piscium
683 2198 978 2250 abdominalis,
1007 2204 1052 2240 in
1072 2204 1323 2245 animalibus

61 2275 304 2324 moriendo,
332 2275 393 2313 his
420 2275 568 2313 forsan
591 2287 721 2312 noxas
750 2275 958 2314 inferrent
976 2283 1172 2327 sum‘mas,
1200 2266 1324 2319 ideo-⁵

64 2352 148 2407 que
177 2352 410 2405 generatim
427 2352 547 2419 vivae
577 2364 600 2389 e
630 2364 813 2402 corpore
835 2350 1117 2391 eliminantur.
1176 2355 1323 2406 Quan-

65 2429 123 2468 do
152 2427 305 2466 Filaria
332 2426 588 2469 medinensis
627 2427 838 2479 ejicienda
867 2437 944 2476 est,
982 2430 1086 2466 cutis
1125 2428 1201 2467 sub
1240 2444 1323 2483 qua

65 2507 154 2557 ejus
184 2503 420 2543 extremitas
449 2501 580 2541 altera
605 2503 725 2553 latet,
752 2503 1076 2554 Kaempfero
1117 2506 1324 2554 (Amoen.

790 2578 861 2616 Ee
890 2591 911 2615 2
