1801 3066
1370 166 1451 220 269

183 281 228 318 in
257 279 360 318 duas
388 277 561 316 laminas
591 271 775 311 dissectis
804 268 967 308 canales
995 270 1142 310 itidem
1166 275 1326 324 optime
1348 285 1449 313 con·

185 358 330 407 spicuj.
386 349 725 388 Winslowius
755 346 806 384 T.
827 346 929 383 Solii
958 348 1143 387 canalem
1169 349 1452 404 longitudina-

184 432 267 471 lem
296 429 483 466 medium
512 427 700 475 injecisse
730 424 892 469 dicitur,
914 421 1004 460 talis
1035 432 1175 460 autem
1192 439 1281 465 non
1301 430 1448 475 existit,

184 516 229 544 ut
244 505 311 544 vel
326 512 642 551 extravasatum,
661 500 728 540 vel
753 500 854 538 alius
879 512 997 537 error
1020 499 1068 537 cl.
1087 502 1173 537 viro
1189 503 1450 552 imposuerit,

261 581 430 620 Praeter
471 582 573 617 istos
624 586 764 615 autem
808 574 973 614 canales
1014 574 1309 629 logitudinales
1355 592 1449 616 cum

180 659 421 698 transversis
451 652 926 697 communicationibus,
972 651 1050 690 alia
1092 651 1228 690 adhuc
1275 654 1452 692 Taenia-

181 748 275 773 rum
306 733 456 771 dantur
482 744 589 768 vasa.
647 729 836 779 Cujusvis
881 730 1012 774 enim,
1059 731 1308 781 praeprimis
1352 743 1449 768 vero

181 812 385 860 majorum
416 806 687 845 articulorum
722 805 861 843 discus
906 818 1098 844 vasorum
1145 804 1349 851 brevium,
1393 808 1454 843 in*

181 886 350 926 tercium
377 896 656 928 ramosorum,
687 881 811 919 offert
838 895 1074 930 racemum,
1111 887 1223 920 varie
1259 885 1302 920 in
1332 884 1451 920 variis

182 964 420 1006 formatum,
452 974 476 998 a
505 960 708 997 Goezio
739 958 915 1010 aliisque
942 961 1094 995 merito
1119 970 1192 1009 pro
1218 971 1361 995 ovarxo
1384 958 1457 996 ha-

182 1037 332 1076 bitum.
389 1035 619 1075 Carlisle
649 1035 691 1083 (l.
725 1049 756 1072 c.
786 1048 829 1086 p.
863 1042 955 1081 252,
985 1036 1076 1083 253,
1107 1037 1213 1084 258.)
1254 1033 1334 1070 hoc
1365 1027 1455 1086 qui-

182 1114 278 1153 dem
306 1123 443 1167 negat,
475 1122 515 1150 et
545 1112 804 1166 coagulatam
836 1114 1070 1158 materiam,
1100 1124 1226 1162 saepe
1264 1109 1348 1148 bile
1378 1121 1455 1148 tin-

183 1199 310 1237 ctam,
337 1199 435 1241 post
461 1199 637 1227 mortem
668 1187 827 1227 ibidem
854 1190 1031 1228 inveniri
1070 1187 1318 1235 asserendO,
1361 1200 1456 1225 vasa

183 1264 256 1302 illa
286 1259 483 1304 centralia
511 1263 691 1303 fluidum
717 1265 958 1303 alimentare
989 1278 1036 1302 ex
1066 1263 1279 1302 canalibus
1307 1264 1457 1301 latera-

183 1338 291 1377 libus
323 1339 546 1378 absorbere
575 1342 728 1386 statuit,
760 1341 891 1392 quid?
921 1339 1041 1392 quod
1067 1340 1236 1377 vascula
1265 1339 1457 1377 arficulo·-

184 1429 281 1454 rum
311 1417 507 1454 centralia
533 1415 787 1465 injiciendo,
825 1414 1047 1454 humorem
1087 1414 1249 1453 canales
1287 1416 1458 1454 alimen-

187 1501 295 1529 tares
327 1493 497 1540 (osculis
525 1492 714 1543 plurimis
743 1492 1026 1543 minimisque)
1070 1501 1228 1542 petere,
1269 1503 1357 1529 non
1387 1506 1459 1529 au—

186 1576 271 1606 tem
298 1570 388 1605 vice
416 1581 534 1606 versa
564 1567 764 1605 centralia
799 1580 876 1618 per
914 1566 1079 1604 canales
1114 1566 1309 1605 laterales
1346 1571 1459 1617 injici

185 1655 326 1695 posse,
357 1642 494 1682 docet.
549 1643 655 1681 Rem
687 1651 827 1681 autem
854 1643 982 1695 longe
1021 1641 1103 1680 alio
1140 1643 1273 1681 modo
1309 1658 1351 1682 se
1389 1645 1461 1683 ha-

185 1719 311 1772 bere,
332 1729 375 1758 et
400 1719 568 1758 vascula
598 1720 794 1758 centralia
831 1722 1021 1758 ovarium
1056 1721 1200 1757 sistere
1233 1722 1277 1758 in
1307 1721 1458 1773 Capite

186 1799 438 1850 insequente
467 1796 784 1844 demonstrabo,
829 1797 903 1835 ubi
941 1798 1067 1834 etiam
1106 1796 1268 1835 canales
1297 1811 1319 1836 a
1347 1799 1461 1838 fora-

186 1872 366 1913 minib‘us
395 1872 667 1912 articulorum
694 1873 992 1926 marginalibus
1022 1881 1208 1920 exortos,
1239 1883 1279 1912 et
1310 1875 1371 1918 adv
1389 1890 1460 1930 ge·

186 1951 449 1990 nerationem
476 1952 630 2001 pariter
655 1950 877 1997 facientes,
908 1962 1128 2001 exponam.

267 2026 407 2073 Hisce,
435 2035 483 2064 ut
509 2040 574 2065 res
601 2025 854 2078 postulabat,
883 2026 975 2064 fuse
1000 2026 1169 2079 lateque
1206 2027 1350 2075 dictis,
1391 2028 1462 2066 ali-

188 2111 381 2141 mentum
410 2101 560 2141 osculis
591 2105 736 2154 capitis
776 2105 968 2141 suctoriis
1004 2103 1162 2141 hauriri
1195 2117 1357 2157 perque
1396 2119 1462 2143 ca-

190 2175 306 2218 nales
334 2179 662 2232 longitudinales
692 2188 736 2218 et
762 2180 1053 2219 transversales
1079 2183 1123 2219 in
1143 2193 1290 2219 omnes
1311 2194 1462 2234 corpo·

191 2257 248 2293 ris
278 2256 471 2295 articulos
499 2256 597 2294 ferri
623 2265 862 2296 statuerem.
918 2257 1142 2296 Foramina
1172 2257 1460 2305 articulorum,

192 2331 468 2383 utplurimum
495 2333 761 2387 marginalia,
788 2336 997 2385 rarissime
1022 2332 1223 2377 lateralia,
1253 2336 1336 2372 suis
1366 2347 1462 2372 cum

195 2406 389 2446 ductibus
430 2413 691 2462 generationi
730 2413 1018 2458 inservientia,
1068 2412 1287 2449 nutritioni
1338 2409 1463 2449 simul

192 2496 402 2536 praeesse,
429 2497 509 2525 nec
544 2487 749 2527 Goezio
786 2501 866 2527 nec
901 2487 989 2526 aliis
1028 2486 1348 2542 quibuscunque
1389 2501 1461 2526 au-
