1801 3066
469 150 544 190 162

465 262 558 312 590.
586 257 696 297 Nic.
724 252 921 306 Tulpii
951 251 1069 292 Obss.
1098 253 1210 292 med.
1241 252 1312 291 lib.
1332 266 1364 290 2.
1397 266 1487 305 cap.
1503 259 1567 299 50.
1581 255 1684 294 Tab.
1698 270 1736 309 7.

520 331 590 388 fig.
620 346 655 371 2.
684 330 958 385 Undeviginti
985 329 1207 368 vermiculi
1237 331 1389 370 011110ιὶ.
1406 329 1435 381 *¹
1458 331 1618 369 Larvae
1641 341 1737 373 sunt

505 409 631 450 ..male
660 409 866 461 depictae.
1601 404 1603 407 ’

599 484 717 525 Ibid.
753 499 841 542 cap.
871 488 935 528 51.
966 480 1074 523 Tab.
1104 495 1142 533 7.
1170 481 1257 536 Fig.
1287 490 1326 528 5.
1356 482 1623 522 Cottidianus
1645 497 1738 521 ver—

518 565 651 604 mium
686 563 849 600 mictus.
878 560 905 586 ⁴‘
967 560 1213 598 Muscarum
1249 558 1415 607 larvae,
1457 561 1738 599 conostomati

517 624 577 679 Ϊο
593 639 788 679 erdens
817 635 985 676 similes.
1484 623 1486 626 Α

467 721 558 770 591.
598 714 712 755 Joh.
750 712 895 754 Pilas
944 712 998 752 de
1033 726 1178 752 verme
1218 725 1266 749 ex
1314 713 1435 764 spina
1484 711 1612 751 dorsi.
1665 712 1737 751 In:

518 791 627 845 Eph.
655 793 753 831 Nat.
782 791 882 829 Cur.
910 789 1012 828 Dec.
1042 788 1073 826 Ι.
1101 789 1210 828 Ann.
1240 802 1274 826 2.
1303 802 1344 841 p.
1383 795 1468 834 180.
1500 802 1594 827 011111
1623 786 1692 842 fig.
1712 788 1735 814 ‘¹‘

517 870 763 908 Muscarum
789 863 930 904 larvae
960 865 1036 904 sub
1068 876 1173 904 cute.

462 948 554 999 592.
585 943 781 985 Christ.
818 956 841 981 a
870 941 1163 980 Stenevelt
1190 943 1298 980 Diss.
1331 943 1383 981 de
1411 940 1554 983 ulcere
1582 945 1734 1000 vermis

514 1035 639 1061 noso.
659 1020 798 1074 Lugd.
821 1020 910 1058 Bat.
936 1019 1047 1071 1697.
1079 1022 1140 1069 24.
1170 1032 1209 1070 p.
1226 1023 1262 1070 4.
1282 1019 1306 1043 ’<
1335 1030 1418 1057 tam
1446 1019 1588 1058 larvae
1619 1021 1733 1059 dicto

512 1097 613 1137 1000
641 1107 862 1149 repertae,
910 1109 1038 1149 quam
1066 1109 1236 1134 muscae
1267 1109 1316 1133 ex
1356 1096 1508 1135 iisdem
1539 1096 1734 1136 exclusae

514 1177 642 1213 icone
671 1175 885 1211 sistuntur.

460 1258 550 1305 593.
580 1248 693 1289 Joh.
734 1251 891 1288 Conr.
929 1246 1239 1287 Zachmann
1274 1249 1382 1287 Diss.
1414 1248 1468 1287 de
1495 1248 1732 1290 vermiculis

513 1330 560 1366 in
586 1325 774 1364 vulnere.
802 1323 923 1362 Basil.
959 1329 1066 1374 1704.
1096 1325 1154 1375 pl.
1183 1327 1342 1374 ,321114
1370 1326 1679 1379 Dryander.

459 1406 553 1456 594.
581 1404 706 1442 Dan.
746 1400 958 1437 Turner
996 1399 1104 1436 Two
1143 1412 1258 1437 cases
1296 1399 1343 1437 of
1381 1403 1535 1440 insects
1574 1402 1732 1442 voided

512 1476 570 1533 by
598 1475 670 1516 the
698 1478 870 1530 urinary
896 1488 1087 1528 passage.
1142 1475 1218 1513 In:
1259 1475 1413 1514 Philos.
1444 1478 1658 1518 Transact.
1687 1493 1729 1518 n.

509 1562 601 1607 591.
632 1568 675 1606 p.
706 1556 797 1602 410.
825 1552 852 1577 ‘k
905 1552 974 1590 De
1003 1550 1247 1605 strongylo,
1291 1560 1337 1589 ut
1366 1553 1559 1604 videtur,
1597 1565 1640 1593 et
1666 1557 1729 1594 in'-

485 1667 488 1670 .
511 1617 614 1669 secti
640 1627 756 1667 larva
784 1641 877 1666 cum
905 1628 1028 1665 urina
1057 1630 1244 1666 exoretis.

458 1711 550 1759 595.
578 1705 650 1743 Jo.
682 1705 839 1744 Conr.
874 1698 1060 1741 Brunn
1075 1716 1129 1741 er
1169 1702 1224 1742 de
1254 1703 1496 1743 animalium
1526 1711 1568 1744 e't
1594 1707 1727 1745 insec-

510 1793 652 1821 torum
679 1781 895 1819 variorum
923 1781 1165 1818 excretione
1191 1791 1271 1832 per
1295 1794 1354 1820 os.
1409 1781 1481 1819 Inx‘
1509 1779 1727 1832 Eph.Nat.

511 1861 610 1899 Cur.
638 1856 741 1897 Dec.
768 1863 804 1902 5.
833 1857 941 1894 Ann.
969 1861 994 1900 5
1024 1866 1065 1895 et
1093 1857 1128 1896 6.
1157 1868 1200 1909 p.
1229 1854 1439 1906 661,·662.
1467 1856 1493 1883 ‘9‘
1548 1860 1725 1897 Vermes

511 1935 657 1985 multi,
714 1935 838 1972 etiam
881 1930 1094 1973 Cochleae
1150 1943 1192 1973 et
1243 1932 1516 1973 Forficularia
1563 1937 1725 1973 vomitu

513 2010 647 2063 ejecti.

454 2086 547 2141 596.
577 2081 829 2126 Observatio
852 2085 1017 2125 medica
1041 2088 1207 2126 curiosa
1227 2086 1281 2125 de
1305 2085 1546 2126 excretione
1567 2090 1722 2126 vermis

509 2175 730 2215 nunquam
764 2172 887 2202 antea
926 2167 1110 2213 excreti,
1154 2175 1266 2203 anno
1301 2177 1411 2217 1720.
1442 2163 1481 2201 d.
1523 2177 1579 2201 12.
1609 2163 1720 2215 Maji.

505 2236 800 2278 Wolffenbutt.
827 2240 940 2291 1723.
964 2246 1021 2284 15.
1040 2254 1080 2291 p.
1099 2244 1136 2290 4.
1171 2250 1265 2278 cum
1289 2238 1369 2278 tab.
1394 2252 1484 2278 aen.
1506 2239 1532 2265 ³<
1561 2240 1720 2290 Auctor

505 2315 702 2354 credulus
727 2314 1019 2370 cerambycem
1048 2318 1154 2355 sistit
1181 2328 1363 2355 summos
1388 2325 1488 2368 post
1511 2318 1718 2356 cruciatus

505 2406 525 2430 a
554 2390 696 2432 vetula
731 2390 825 2432 alvo
855 2401 1087 2439 excretum3
1131 2392 1308 2432 Pr10nus
1339 2394 1478 2432 Heros
1508 2394 1609 2443 erit,
1649 2392 1718 2432 vel
