1801 3066
1270 164 1349 204 313

92 279 180 304 esse
209 265 414 304 foramina
442 264 597 311 refe-rt,
638 260 778 315 qualia
818 274 1034 314 nunquam
1072 266 1180 313 vidi;
1222 269 1348 309 icone

92 341 244 380 collata
282 339 532 380 vermiculos
571 338 782 376 foramina
808 350 909 376 vera
940 337 1139 379 obtulisse
1169 345 1234 382 vix
1261 359 1349 384 cre-

92 416 278 455 diderim.
334 415 531 466 Ejusdem
568 426 702 465 porro
742 414 898 465 speciei
911 412 1063 468 sovula
1101 419 1272 459 minima
1309 433 1351 461 et

90 491 274 529 rotunda
302 490 431 544 fingit,
460 490 538 528 sed
567 488 693 527 ovula
720 489 848 526 fuisse
877 501 1013 540 aeque
1039 502 1191 541 parum
1221 496 1348 534 admi-

89 569 225 612 serim,
254 564 357 604 haec
387 569 499 604 enim
526 568 569 603 in
589 562 948 618 Echinorhynchis
966 579 1138 618 semper
1156 566 1348 620 linearia,

88 655 174 693 quo
213 641 373 680 facilius
415 657 491 694 per
527 640 827 693 proboscidem
855 640 1070 689 ferantur,
1115 643 1349 698 embryone

87 726 229 755 tamen
258 720 351 756 satis
380 718 577 756 formato.
632 717 698 756 An
725 709 886 755 vermes
917 730 941 755 a
968 720 1059 767 vir-o
1089 733 1253 757 summo
1273 719 1349 759 ob-

50 806 55 811 ·
89 796 243 831 servati
270 794 498 844 putredine
525 792 594 831 vel
621 795 903 831 maceratione
926 793 1161 846 defigurati,
1193 810 1348 848 corpo-

87 873 143 907 ris
173 872 355 908 tunicam
384 868 479 906 hine
508 868 611 906 inde
639 870 684 906 in
706 867 908 907 vesiculas
933 868 1084 907 elatam
1114 870 1349 926 (foramina)

90 945 306 991 obtulere;
350 959 402 982 an
439 947 511 982 aer
551 946 727 995 corpori
765 943 839 982 sub
877 946 1162 996 microscopio
1194 946 1348 988 adhae-

93 1035 190 1062 rens
220 1019 442 1062 ovulorum
470 1020 755 1062 rotundorum
782 1021 964 1072 speciem
995 1019 1208 1062 exhibuit?

751 1075 765 1091 Ι

662 1170 696 1220 §.
724 1167 761 1207 5.

456 1242 982 1286 Tre-macedum.

167 1334 428 1374 Animalcula
456 1334 576 1386 hujus
606 1335 763 1373 ordinis
793 1335 1061 1388 androgyna,
1103 1337 1188 1374 sive
1227 1348 1350 1390 orga-

87 1411 152 1448 nis
180 1413 404 1464 utriusque
443 1425 562 1449 sexus
601 1409 852 1464 genitalibus
892 1423 942 1448 ea
980 1420 1120 1449 tamen
1155 1410 1251 1464 lege
1288 1415 1352 1450 in-

88 1495 242 1525 structa
279 1497 394 1536 sunt,
436 1497 482 1525 ut
521 1485 611 1524 sola
647 1484 726 1523 sibi
764 1485 958 1523 sufficere
996 1497 1231 1536 nequeant,
1276 1488 1350 1526 sed

88 1562 266 1613 quodvis
297 1562 431 1600 altero
459 1562 649 1613 indigeat
675 1560 924 1609 individuo,
968 1575 1153 1613 quocum
1193 1565 1351 1600 coitum

88 1647 279 1674 exerceat
300 1636 521 1688 duplicem.
559 1638 797 1675 Distomata
816 1634 1008 1686 hepatica
1031 1650 1055 1674 a
1075 1635 1151 1675 cel.
1172 1638 1246 1676 Go
1261 1652 1350 1676 eze

86 1712 163 1751 sub
191 1716 285 1764 ipso
319 1716 485 1764 saepius
515 1712 737 1752 observata
765 1726 868 1760 esse,
900 1713 1170 1765 eundemque
1197 1715 1351 1752 utrius-

87 1801 172 1840 que
201 1791 357 1828 cirrum
387 1788 555 1828 alterius
594 1802 706 1840 poro
746 1788 924 1827 ventrali
960 1791 1142 1828 invicem
1180 1789 1352 1828 infixum

86 1863 238 1901 vidisse
276 1878 404 1917 supra
442 1868 560 1917 (Cap.
591 1865 780 1904 anteced.
814 1869 849 1915 ς.
878 1868 936 1915 5.)
964 1867 1160 1914 memini,
1202 1875 1244 1904 et
1273 1865 1347 1904 cel.

86 1937 339 1979 schaffer
377 1943 501 1994 (Von
539 1943 623 1980 den
660 1940 1006 1996 Egelschnecken
1033 1955 1074 1992 p.
1108 1941 1168 1979 16.
1197 1945 1232 1991 ς.
1259 1941 1348 1993 36.)

58 2026 60 2028 ’
88 2014 270 2053 duorum
311 2021 517 2057 vermium
556 2021 685 2056 cirros
714 2028 861 2056 mutuo
892 2016 969 2055 sibi
997 2015 1202 2068 implexos
1229 2016 1347 2064 vidit,

85 2105 188 2130 num
242 2106 345 2131 vero
398 2108 555 2145 porum
614 2093 847 2133 ventralem
905 2093 1027 2133 simui
1083 2094 1348 2141 intraverint,

89 2166 316 2218 obpservare
373 2170 512 2208 eidem
566 2182 657 2208 non
710 2169 837 2208 licuit.
934 2171 1103 2212 Cirrum
1165 2167 1349 2222 genitale

88 2242 319 2282 masculum
373 2259 484 2296 esse,
546 2260 596 2284 ea
649 2246 822 2299 quidem
872 2244 1113 2284 observatio
1177 2246 1345 2293 evincit,

91 2318 280 2369 ejusdem
309 2323 432 2359 etiam
459 2322 599 2361 forma
629 2336 724 2360 cum
761 2322 1144 2360 Nematoideorum
1183 2317 1351 2370 spiculis

91 2404 133 2432 et
163 2394 489 2436 Cestoideomm
523 2398 732 2437 lemniscis
772 2396 1023 2451 genitalibus
1062 2399 1157 2434 satis
1199 2408 1355 2447 conve-,-

91 2472 173 2520 nit,
216 2482 418 2522 quorsum
457 2472 650 2526 analogia
686 2472 998 2514 Molluscorum
1036 2482 1078 2511 et
1107 2469 1352 2527 Gylnnode-
1402 2524 1410 2535 ·
