1801 3066
1271 172 1348 219 257

83 286 210 326 saepe
253 272 531 324 amplissimam
584 269 774 319 posticus
825 266 916 305 sere
964 282 1134 321 semper
1178 273 1345 322 minor,

82 360 280 403 apertura
307 351 440 387 rarius
465 343 620 382 lobata.
702 344 977 381 Dis-comatis
1012 358 1145 395 porus
1185 351 1346 389 anticus

83 436 123 465 et
151 422 424 465 subventralis
451 433 579 472 saepe
608 422 690 458 situ
719 420 907 467 tandum,
937 405 1154 459 interdum
1183 427 1346 478 magni-

82 501 227 540 tudine
265 501 390 538 etiam
422 495 651 542 differunt3
706 494 774 534 vel
801 493 1010 547 sphaerici
1049 497 1196 548 (parte
1224 504 1347 539 nimi-

81 589 173 614 rum
189 572 393 626 sphaerae
411 575 610 625 suprema
626 583 789 611 tantum
818 571 970 623 ablata)
992 571 1061 611 vel
1081 570 1347 626 hemisphae-

77 653 177 696 rici3
226 661 423 702 apertura
459 648 528 689 vel
563 661 718 702 magna
756 647 824 687 vel
861 661 1017 700 parva,
1071 649 1241 702 aequali
1277 651 1347 690 vel

77 726 288 779 inaequali
326 727 396 779 (id
434 734 518 774 est,
564 738 654 763 non
694 725 883 777 ejusdem
920 727 1090 777 utrique
1118 739 1232 777 poro
1277 727 1347 767 vel

77 801 241 841 formae
278 803 346 842 vel
383 801 739 856 magnitudinis),
788 800 1018 841 orbiculari
1059 800 1128 841 vel
1163 800 1343 847 lineari,

78 888 167 917 tum
204 878 270 918 vel
304 877 603 933 longitudinali
641 879 709 918 vel
737 877 1028 927 transversali,
1084 878 1345 932 marginibus

75 956 197 992 rectis
234 953 302 993 vel
337 954 523 1002 inflexis,
580 955 776 994 tenuibus
810 954 880 995 vel
917 953 1158 1002 tum-idulis,
1217 958 1345 995 antici

77 1044 204 1082 saepe
251 1030 421 1070 nodulis
462 1030 530 1071 vel
578 1031 733 1070 aculeis
785 1033 938 1070 cinctis.
1019 1030 1346 1084 Polyscomacis

74 1109 170 1157 pori
198 1110 324 1146 antici
353 1109 542 1161 quinque
569 1106 637 1147 vel
665 1123 735 1148 sex
752 1138 765 1157 ‚
820 1107 889 1148 vel
923 1106 1101 1146 lunatim
1127 1106 1198 1146 vel
1227 1121 1345 1146 acer-

75 1185 202 1222 vatim
229 1187 381 1236 positi,
411 1183 633 1238 aequales,
662 1184 935 1239 subglobosi,
978 1193 1203 1236 aperturae
1233 1182 1347 1223 orbi-

66 1252 226 1298 cularis
255 1260 512 1314 marginibus
540 1260 609 1300 vel
635 1260 797 1300 inflexis
827 1260 895 1302 vel
924 1260 1164 1313 replicatis;
1212 1263 1344 1312 posti-

76 1350 146 1374 cus
176 1334 620 1388 subhemisphaericus.

159 1410 337 1450 Fabrica
364 1396 575 1464 porerum
602 1416 646 1452 in
674 1415 817 1466 paucis
847 1412 957 1453 bene
986 1416 1239 1466 conspicua,
1269 1427 1348 1467 op·

77 1490 176 1525 time
204 1490 248 1524 in
274 1488 636 1541 A7nplcz'stomace
665 1492 849 1534 comico,
880 1493 1016 1527 minus
1045 1492 1089 1527 in
1116 1492 1348 1529 Discoma·

77 1572 123 1600 ce
149 1562 376 1615 hepatia-o,
394 1566 576 1601 maximo
605 1563 704 1602 licet
731 1563 854 1616 hujus
884 1565 1044 1602 ordinis
1076 1565 1345 1605 animalculo.

75 1638 224 1680 Fibrae
251 1652 409 1690 porum
440 1642 700 1689 constituunt
729 1640 908 1692 duplicis
937 1644 1133 1694 generis,
1174 1641 1349 1685 circula-

75 1729 142 1754 res
174 1725 216 1754 et
243 1713 597 1769 longitudinales;
635 1715 715 1756 hae
755 1730 778 1755 a
809 1715 898 1754 basi
929 1717 981 1755 ad
1009 1720 1108 1768 pori
1134 1721 1347 1772 margines
1378 1706 1380 1708 V

75 1801 268 1845 vergunt.
325 1791 544 1845 Utraeque
573 1803 616 1832 et
640 1791 806 1831 validae
836 1796 896 1831 et'
915 1795 1257 1845 copiosissimae,
1298 1805 1348 1834 ut

75 1882 208 1920 porus
243 1866 479 1906 musculum
507 1870 623 1907 sistat
652 1871 936 1920 compositum
973 1869 1346 1924 fortissimumque⁴

75 1944 206 1982 Fibris
234 1943 615 1998 longitudinalibus
645 1944 863 1999 agentibus
894 1946 1163 1999 (contractis)
1191 1950 1350 2002 margia

75 2035 151 2059 nes
187 2023 286 2073 pori
321 2021 443 2059 basin
479 2035 625 2060 versus
668 2015 937 2060 adducuntur
977 2032 1177 2075 totusque
1214 2037 1349 2076 porus

75 2080 207 2150 magis
244 2097 419 2150 planus,
465 2097 534 2137 vel
571 2101 707 2136 minus
743 2097 982 2150 profundus
1005 2099 1217 2146 redditur.
1281 2099 1351 2138 Fi.—

77 2172 163 2210 bris
191 2186 294 2211 vero
325 2173 600 2213 circularibus
640 2172 929 2226 sphincterum
957 2176 1089 2214 modo
1121 2176 1347 2214 contractis

80 2250 178 2299 pori
205 2251 416 2302 margines
458 2249 790 2299 contrahuntur,
829 2260 1028 2303 totusque
1067 2236 1189 2290 simul
1216 2264 1349 2303 porus

80 2325 210 2376 magis
252 2333 295 2361 et
328 2325 565 2376 profundus
604 2337 646 2365 et
681 2324 1016 2383 sphaericuslfit.
1079 2327 1127 2365 In
1154 2326 1349 2380 plurimis

79 2412 288 2451 pororum
333 2398 464 2439 fibrae
502 2412 730 2454 tantopere
773 2401 1056 2456 gracilescunt
1092 2413 1140 2442 ut
1177 2404 1348 2443 oculum

82 2477 207 2513 etiam
247 2485 455 2514 armatum
498 2477 684 2531 fugiant,
740 2488 861 2517 motu
896 2489 1037 2518 tamen
1077 2493 1348 2532 nequaquam

880 2555 915 2592 R
