1801 3066
1247 181 1327 227 425

168 280 276 320 Cum
307 279 396 328 hac,
426 281 472 318 ni
499 277 650 325 fallor,
690 277 771 317 alia
800 277 1007 318 coincidit
1031 270 1271 332 'explicatio
1303 296 1325 321 a

63 339 278 395 Goezio
310 351 608 407 (Naturgesch.
636 368 676 406 p.
708 354 792 404 56.)
830 363 1013 400 tentata,
1055 358 1127 406 qui
1163 369 1325 394 vermes

62 429 263 469 humores
293 431 485 480 corporis
514 429 754 480 superfluos
785 441 1038 467 consumere
1076 432 1324 480 suspicatur,

60 504 318 560 hypothesin
347 513 490 542 autem
520 506 779 557 argumentis
814 504 941 542 nullis
979 502 1212 542 confirmat.
1275 506 1326 544 In

59 590 170 619 statu
201 582 391 631 corporis
429 578 619 628 perfecte
658 592 785 629 sano,
834 593 943 632 quae
979 591 1070 617 non
1100 579 1326 619 assimilan-

59 666 143 704 tur,
174 655 363 707 ideoque
393 655 459 693 vel
487 654 701 705 superflua
736 654 803 693 vel
831 657 985 694 nociva
1022 654 1105 692 dici
1132 664 1325 705 possunt,

58 744 281 783 nunquam
311 729 605 778 cumulantur,
643 729 718 767 sed
744 727 954 768 levissimo
985 740 1163 769 naturae
1190 743 1327 783 nego-

59 808 119 842 tio
151 815 449 854 excernuntur,
479 818 501 842 a
520 803 731 842 vermibus
760 807 902 858 igitur,
934 807 1126 856 corporis
1155 818 1327 843 conser-

59 881 186 918 vandi
215 883 362 934 gratia,
393 879 686 919 consumenda
712 882 779 917 vix
808 881 1011 926 aderunt;
1041 883 1086 918 in
1111 890 1222 918 statu
1252 893 1326 920 au-

60 965 146 994 tem
175 970 198 994 a
227 958 403 1019 sanitate
431 956 526 1007 plus
555 957 695 992 minus
726 954 996 1003 deflectente,
1024 969 1114 993 uno
1136 955 1324 993 alterove

58 1032 126 1070 vel
168 1031 359 1083 pluribus
399 1031 524 1069 simul
569 1031 676 1068 locis
715 1031 958 1069 assimilatio
997 1029 1192 1082 perfecta
1231 1043 1325 1069 non

59 1107 262 1154 succedit,
293 1106 429 1149 aliena
457 1106 630 1144 tandem
659 1117 890 1160 augentur,
920 1106 995 1145 sed
1021 1105 1233 1144 vermibus
1264 1116 1324 1144 et-

58 1184 141 1220 iam
171 1184 289 1229 ortis,
318 1184 399 1220 nisi
426 1181 593 1219 medela
621 1191 808 1232 paratur,
840 1182 1052 1221 cumulata
1076 1181 1326 1234 relinquun-

59 1268 139 1296 tur.
195 1258 348 1294 Mucus
382 1270 419 1293 v.
452 1269 484 1292 e.
515 1257 560 1292 in
589 1256 693 1294 tubo
727 1256 885 1296 cibario
926 1258 1147 1304 collectus,
1176 1255 1226 1294 ab
1256 1258 1325 1294 iis-

59 1332 157 1370 dem
185 1345 277 1369 non
307 1333 594 1381 consumitur,
636 1342 679 1370 et.
709 1343 892 1371 entozoa
923 1332 1081 1385 absque
1110 1331 1222 1369 illius
1253 1344 1325 1368 co-

56 1410 126 1460 pia
155 1409 316 1458 majore
346 1408 637 1456 copiosissima
667 1408 826 1458 adesse,
855 1407 1076 1446 insolitum
1093 1407 1241 1446 saltem
1263 1416 1325 1446 est,

55 1481 416 1533 phaenomenon,
453 1479 556 1518 mihi
584 1481 647 1520 bis
678 1484 794 1522 terve
824 1494 989 1524 tantum
1026 1482 1241 1530 oblatum,
1282 1492 1325 1519 et

57 1557 108 1595 ab
139 1557 228 1594 aliis
254 1546 415 1606 Pariter
442 1557 651 1594 rarissime
690 1558 955 1596 adnotatum.
1013 1558 1135 1609 Quae
1174 1571 1198 1595 a
1230 1570 1323 1594 ver-

54 1631 191 1670 mibus
222 1631 408 1683 denique
439 1634 635 1671 consumi
662 1635 842 1684 possint,
871 1635 1035 1670 minimi
1055 1646 1223 1684 semper
1251 1631 1325 1670 ha-

54 1706 198 1746 benda
235 1716 383 1755 erunt,
425 1708 634 1759 quantillo
668 1710 801 1756 enim,
830 1719 880 1747 ut
915 1710 1183 1757 nutriantur,
1213 1708 1325 1745 indi-

56 1792 173 1836 gent,
203 1794 388 1834 quorum
414 1783 583 1821 vascula
611 1786 786 1825 nutritia
806 1793 891 1821 tam
911 1786 1062 1837 exigua
1088 1793 1209 1828 sunt;
1240 1781 1323 1821 huc

57 1857 182 1906 adde,
211 1869 397 1904 vermeS,
428 1859 652 1910 qui‘plura
681 1869 959 1906 consumant,
988 1859 1233 1898 faeculenta
1262 1868 1324 1897 et·

57 1937 141 1972 iam
171 1917 405 1983 deponere,
435 1931 539 1971 haec
570 1936 715 1986 itaque
744 1944 1071 1978 consumtorum
1095 1935 1195 1974 loco
1226 1934 1323 1972 red·-

59 2010 115 2058 di,
143 2018 193 2046 ut
220 2009 395 2046 materia
413 2009 626 2060 superflua
644 2024 794 2062 parum
820 2010 1028 2050 diminuta
1044 2010 1188 2058 suerit,
1212 2023 1321 2062 quae

55 2086 202 2138 paucis
233 2095 376 2123 autem
402 2085 647 2139 indigeant,
682 2088 856 2124 nonnisi
893 2086 1181 2138 assimilanda,
1213 2098 1322 2137 quae

59 2163 126 2199 vix
154 2159 367 2212 superflua
395 2161 480 2200 dici
507 2172 703 2213 possunt,
731 2161 920 2212 haurire,
949 2157 1138 2215 ideoque
1165 2160 1322 2198 utilita-

58 2246 146 2274 tem
174 2233 252 2273 hac
278 2239 447 2277 ratione
475 2248 689 2289 praestare
717 2237 889 2276 nullam.

167 2310 255 2350 Cel.
287 2311 448 2353 Clark
475 2315 520 2351 in
539 2315 691 2352 eximio
715 2313 767 2353 de
787 2316 936 2352 oestris
955 2323 1135 2351 tractatu
1153 2312 1337 2364 (Trans-¹

62 2398 142 2426 act.
175 2386 224 2424 of
251 2385 321 2425 the
349 2389 494 2427 Linn.
524 2390 620 2427 Soc.
649 2389 747 2427 Vol.
776 2388 847 2429 III.
875 2404 916 2441 p.
945 2390 1060 2439 520.)
1088 2401 1323 2440 puerorum

60 2476 224 2502 vermes
253 2463 425 2503 modice
451 2465 698 2518 frequentes
726 2467 991 2503 irritamento
1022 2467 1322 2503 intestinorum
