1801 3066
447 164 529 213 514

447 268 588 307 lorum
640 267 983 322 androgynorum
1022 281 1060 305 v.
1099 280 1132 305 c.
1178 270 1354 308 Limacis
1402 278 1444 308 et
1488 266 1704 312 Hirudinis

448 345 625 386 accedit.
677 343 743 383 Ab
782 343 910 383 altera
947 354 1087 382 autem
1122 354 1244 395 parte
1281 345 1396 384 idem
1424 358 1598 398 quoque
1626 350 1704 386 cir-

446 437 517 461 rus
547 421 624 461 sub
660 431 785 474 partu
828 420 953 459 ovula
990 417 1191 468 effundit,
1234 431 1281 458 ut
1319 433 1473 459 nexum
1515 423 1706 473 ejusdem

449 497 687 537 animalculi
714 501 823 536 inter
848 510 1004 550 penem
1034 507 1075 534 et
1104 499 1260 544 ovaria,
1287 496 1357 535 vel
1382 508 1548 549 partem
1576 501 1705 539 inter-

445 589 543 616 nam
572 589 842 614 communem
874 585 1041 622 statuas,
1073 576 1187 623 cujus
1219 582 1358 611 autem
1385 575 1538 614 iterum
1568 561 1706 614 exem-1
1754 574 1757 578 ’

444 652 517 706 pla
554 655 597 692 in
636 650 884 689 animalibus
924 651 1042 689 dictis
1083 649 1279 697 habebis,
1324 659 1366 688 et
1392 652 1437 689 in
1463 649 1704 702 Amphistoa

443 740 557 768 mate
594 731 745 778 conico
784 741 985 779 suspensa
1028 740 1156 765 manu
1202 725 1393 763 dissecto·
1424 740 1522 765 vasa
1567 725 1701 766 ovulis

443 807 603 845 referta
630 807 673 842 in
703 806 856 841 cirrum
884 805 1097 841 terminari
1125 803 1428 841 distinctissime
1455 803 1553 844 vidi.
1593 803 1705 841 Ova*-

443 885 506 921 ria
535 895 629 919 cum
657 893 767 932 poro
795 879 985 929 ventrali,
1015 881 1087 933 qui
1116 881 1271 917 cirrum
1301 879 1559 918 admittendo
1587 881 1702 932 vagi-

441 973 540 1000 nam
569 958 645 997 sub
677 961 792 996 coitu
819 956 1001 1005 referat,
1042 957 1173 1007 partis
1212 958 1443 994 communis
1473 968 1556 1007 ope
1587 967 1703 995 com-

439 1038 657 1075 municare
685 1048 773 1072 non
803 1045 885 1083 est,
927 1033 1046 1087 quod
1074 1031 1264 1081 dubites,
1295 1034 1408 1071 coitu
1437 1042 1578 1072 autem
1603 1045 1702 1083 per-

442 1122 535 1151 acto
563 1113 632 1149 via
662 1109 831 1149 occludi
856 1109 1039 1149 videtur.

518 1188 663 1226 Partus
702 1189 746 1224 in
772 1185 1131 1238 Atnplziscomace
1157 1199 1285 1224 ranae
1314 1185 1571 1225 subclavaco
1600 1185 1700 1223 vivi-

438 1277 591 1316 parUS,
621 1264 816 1312 oviparus
845 1264 890 1299 in
918 1260 1148 1308 omnibus,
1165 1270 1378 1313 quotquot
1407 1263 1576 1314 cognita
1604 1261 1698 1306 sint,

438 1337 767 1378 Trematodibus
805 1336 989 1390 reliquis.
1053 1338 1196 1376 Motus
1238 1335 1585 1374 animalculorum
1622 1334 1698 1374 sub

439 1415 593 1454 eodem
620 1411 989 1470 vehementissimi,
1016 1423 1064 1452 ut
1090 1413 1182 1452 fere
1213 1411 1464 1458 convulsivi;
1500 1411 1701 1451 fibrarum

438 1489 777 1530 transversalium
808 1493 1095 1529 contractione
1124 1491 1226 1529 dum
1265 1503 1422 1541 corpus
1453 1487 1694 1543 elongatur,

437 1567 564 1606 ovula
601 1567 654 1605 ad
691 1568 905 1605 anteriora
933 1575 975 1605 et
1001 1568 1046 1605 in
1073 1568 1228 1606 cirrum
1255 1566 1479 1614 feruntur,
1513 1564 1699 1618 longitu-

437 1642 640 1681 dinanum
670 1653 811 1682 autem
841 1645 1030 1691 actione,
1074 1656 1257 1694 corpore
1296 1640 1484 1680 breviori
1510 1640 1696 1689 reddito,

435 1719 585 1758 eadem
613 1708 874 1758 velocissime
903 1721 1027 1771 c‘opia
1053 1722 1202 1771 majori
1228 1719 1435 1757 minorive
1461 1719 1696 1768 ejiciuntur,

435 1805 478 1834 et
501 1798 644 1848 quavis
675 1797 878 1848 ejectione
905 1805 1094 1846 peracta..
1124 1793 1374 1833 animalculo
1409 1795 1527 1845 quies
1557 1792 1698 1845 aliqua
1723 1784 1725 1786 Ι

435 1872 708 1920 conceditur,
736 1883 782 1911 ut
808 1881 952 1924 partus
979 1885 1060 1922 per
1086 1870 1307 1911 intervalla
1337 1868 1590 1909 absolvatur.
1645 1868 1696 1908 In

431 1949 789 2002 Amphiscomace
809 1946 1032 1988 Charadrii
1059 1947 1251 2000 pluvialis
1282 1956 1470 1986 cornuto
1499 1945 1622 1997 (Tab.
1638 1947 1694 1989 V.

430 2026 517 2079 Fig.
537 2027 655 2076 4-6.)
684 2034 829 2076 partus
846 2025 1022 2064 modum
1041 2024 1300 2079 singularem
1323 2008 1557 2062 observavi.
1587 2023 1694 2060 Cor-

429 2104 545 2154 poris
581 2103 780 2140 nimirum
818 2115 955 2153 prope
1000 2100 1207 2140 orificium
1243 2085 1454 2151 posticum
1492 2095 1691 2151 globulus

431 2182 603 2230 (uterus
618 2177 654 2230 P)
704 2177 1057 2228 conspiciebatur,
1096 2191 1193 2216 mox
1229 2175 1300 2215 vel
1329 2174 1591 2214 adscendens
1621 2173 1688 2213 vel

403 2255 710 2305 »descendenm
739 2253 850 2292 infra
879 2254 1060 2292 eundem
1090 2264 1228 2292 autem
1257 2264 1393 2290 cornu
1416 2249 1690 2296 exserebatur

429 2346 479 2371 ex
505 2344 617 2383 poro
647 2331 760 2370 dicto
789 2333 884 2369 satis
912 2329 1090 2383 longum
1119 2331 1221 2382 (Fig.
1237 2329 1274 2367 6.
1295 2330 1343 2380 a.)
1373 2337 1494 2366 motu
1521 2339 1687 2384 summo

423 2410 644 2462 agitatum,
675 2408 816 2449 donec
840 2419 980 2460 prope
1009 2419 1163 2456 corpus
1185 2405 1411 2457 abruptum
1432 2403 1685 2454 discederet,

414 2472 664 2536 ⁷qu'04faeto
707 2483 904 2538 globulus
931 2481 1004 2522 ille
1030 2484 1160 2535 magis
1188 2483 1682 2536 magisquecommotus,
