1801 3066
1271 164 1349 205 515

93 265 160 304 An
186 263 421 317 phthiriasis
437 289 449 308 ,
489 251 555 300 de*
580 273 663 312 qua
697 269 887 300 auctores
915 263 1015 302 olim
1041 268 1191 316 passim
1221 267 1352 307 locuti

96 352 213 387 sunt,
242 350 406 392 praeter
433 337 727 389 pediculorum
765 338 1086 388 productionem
1118 349 1351 396 111aximam,

98 421 200 456 cutis
238 418 508 455 secretionem
551 422 621 451 aut
663 412 954 451 alienationem
994 419 1247 466 peculiarem
1279 424 1353 462 ob-

98 493 264 539 tulerit,
303 505 378 530 nos
416 489 586 543 quidem
625 489 750 542 fugit,
790 487 867 526 nisi
906 499 1040 527 autem
1072 507 1156 531 rem
1186 513 1356 552 exagge-

99 558 489 615 raverunt,ornnino
519 566 658 604 locum
688 564 880 602 habuisse
910 568 1083 605 videtur.
1138 572 1356 616 pediculos

101 645 178 684 sub
209 655 438 698 aequatore
476 644 605 689 mori,
647 651 687 680 et
715 651 860 680 nautas
894 645 1099 681 mundum
1129 650 1357 691 circumna-

102 725 281 776 vigantes
317 720 471 759 ibidem
511 718 562 757 ab
600 718 676 756 illis
705 717 898 766 liberari,
936 719 1110 773 vulgaris
1141 728 1357 775 quondam

105 800 307 837 sententia
336 805 445 843 erat,
476 808 500 834 a
529 809 610 848 qua
640 797 896 833 recentiores
920 808 1018 834 vero
1038 799 1254 848 recedunt,
1283 803 1358 843 cel,

107 884 246 913 tamen
286 871 583 911 Humboldt
613 871 660 923 (1.
690 884 723 913 c.
752 885 793 922 p.
825 872 941 924 137.)
983 872 1200 923 pediculos
1228 879 1271 914 in
1298 893 1362 917 re-

106 953 232 1005 gione
260 949 441 988 Andium
471 947 633 986 elatiori
663 951 966 995 (mensurarum
988 949 1242 1002 gallicarum,
1262 956 1363 994 Toi-

107 1040 170 1065 ses
199 1028 414 1072 dictarum,
446 1024 552 1066 1026
579 1022 633 1060 ad
663 1025 780 1073 15³9)
812 1022 1027 1062 abundare
1054 1027 1216 1076 retulit,
1248 1040 1295 1068 ut
1319 1035 1363 1072 in

106 1105 279 1156 regione
306 1100 556 1138 calidissima
583 1101 720 1137 minus
748 1099 991 1151 frequentes
1017 1102 1251 1144 videantur.

213 1177 334 1228 Quae
364 1176 459 1222 dixi,
486 1178 642 1212 insecta
670 1176 713 1211 in
744 1175 990 1214 animalibus
1013 1178 1108 1216 solis
1135 1179 1274 1230 obvia,
1304 1183 1365 1223 his

112 1263 387 1294 entozoorum
423 1263 541 1289 more
576 1241 759 1297 innasci,
797 1253 975 1289 maxime
1012 1255 1233 1304 probabile
1275 1261 1368 1305 red-

113 1310 228 1370 dunt.
292 1328 358 1365 An
385 1327 466 1366 hoc
494 1328 618 1365 etiam
657 1326 711 1364 de
747 1326 883 1365 Acaro
922 1330 966 1366 in
993 1331 1171 1383 gallinae
1198 1335 1368 1386 pulmo-

112 1387 234 1446 nibus
266 1403 392 1454 (Bibl.
419 1416 462 1442 n.
491 1404 595 1455 614.)
625 1411 794 1456 reperto
824 1402 961 1442 valet?

676 1521 711 1571 ς.
766 1532 803 1559 2.

175 1609 258 1653 De
290 1609 476 1651 insectis
515 1618 642 1649 scaco
685 1619 900 1666 tempore
938 1610 986 1650 in
1028 1613 1313 1659 animalibus

553 1690 918 1748 hospitantibus.

222 1784 313 1823 Alia
342 1792 483 1821 autem
510 1791 604 1820 sunt
632 1785 806 1829 insecta,
838 1782 1095 1823 ad'Antliata
1118 1769 1373 1840 Fabricii,

120 1863 207 1901 sive
235 1861 412 1912 Diptera
440 1853 663 1896 Linnaei
696 1862 970 1909 pertinentia,
1020 1874 1129 1913 quae
1165 1864 1375 1904 larvzvuffi

121 1948 281 1977 tantum
308 1935 382 1974 sub
409 1936 546 1973 forma
581 1937 626 1972 in
655 1934 900 1972 animalibus
930 1936 1107 1989 degunt,
1142 1940 1377 1995 eademque

123 2027 285 2053 summa
322 2015 550 2050 attentione
586 2011 711 2065 digna
748 2010 956 2051 videntur.
1035 2016 1290 2055 Oestrorzmz
1316 2022 1378 2058 111-

122 2094 276 2130 mirum
326 2091 502 2140 species,
547 2101 570 2125 a
612 2089 706 2125 viris
753 2074 1036 2140 celeberrimis,
1070 2091 1175 2130 Leo
1192 2093 1267 2132 nh2
1297 2095 1378 2132 Fi-

125 2168 212 2207 sch
227 2180 278 2205 er
308 2168 376 2215 (in
402 2166 636 2203 Werneri
663 2164 777 2202 Brev.
806 2164 987 2217 Exposit.
1013 2165 1156 2209 Verm.
1187 2169 1308 2208 Cont,
1328 2170 1379 2209 IL

127 2254 168 2284 et
195 2243 264 2282 III.
293 2228 387 2281 curn
415 2242 477 2295 fig.
509 2242 687 2290 eximiis)
726 2249 765 2279 et
801 2241 894 2279 Bra
911 2253 972 2295 cy
1009 2243 1166 2281 Clark
1203 2246 1381 2294 (Trans-

129 2329 206 2359 act.
236 2320 284 2357 of
309 2318 376 2357 the
402 2319 590 2357 Linnean
618 2317 801 2371 SocIety,
832 2317 925 2355 Vol.
954 2318 1024 2356 III.
1062 2333 1104 2370 p.
1134 2329 1380 2376 239—329‚

129 2411 224 2436 cum
253 2396 317 2449 fig.
347 2397 652 2449 nitidissimis),
681 2407 787 2445 quos
815 2396 1075 2445 potissimum
1102 2411 1278 2450 sequor,
1309 2402 1384 2438 mi-

129 2487 176 2512 re
203 2473 445 2521 illustratae,
475 2470 723 2511 animalibus
747 2474 868 2509 certis
897 2483 972 2508 ova
1003 2485 1078 2510 sua
1106 2479 1384 2524 committunt,

750 2560 757 2563 ’
815 2545 894 2585 Kk
922 2558 945 2583 2
