1801 3066
460 145 542 193 560

462 264 612 288 mores
641 249 799 302 rapide
826 252 1122 290 circumactos
1150 253 1183 289 si
1213 253 1443 304 exceperis,
1481 253 1643 293 nullum
1669 256 1733 295 fe-

461 340 536 374 re,
566 329 611 365 in
640 340 725 379 quo
754 338 912 365 vermes
940 341 1029 365 non
1057 327 1340 379 hospitentur,
1369 328 1632 371 locumldari
1658 345 1733 383 pa·

461 401 580 440 tebit.
619 393 620 396 Ἰ
648 403 698 443 In
723 403 840 440 liene
868 412 1031 451 tamen,
1061 417 1248 451 vermes,
1280 405 1399 457 quod
1438 407 1587 453 sciam,
1625 419 1732 447 nun-

461 488 587 531 quam
617 482 773 531 reperti
799 489 913 526 sunt,
952 481 1068 531 cujus
1098 494 1321 520 caussaeo
1361 467 1490 536 magis
1514 496 1582 521 me
1609 482 1730 536 fugit,

462 568 550 608 quo
579 558 743 607 saepius
771 555 925 594 lienem
953 555 1184 594 tumoribus
1213 560 1359 604 variis,
1384 561 1430 596 in
1452 558 1602 612 quibus
1633 559 1731 598 alias

461 633 703 683 saepissime
729 642 972 680 occurrunt,
1004 633 1228 672 alienatum
1256 634 1456 682 viderim,
1497 649 1577 674 nec
1605 635 1750 688 hyda--

460 708 566 747 tides
605 711 804 747 animatas
844 708 1035 748 omnibus
1073 713 1322 763 ceteroquin
1357 711 1583 750 visceribus
1611 711 1731 750 fami-

459 768 581 822 liares
612 784 749 822 eidem
778 798 968 838 unquam
1000 799 1176 825 annexas
1204 788 1329 826 fuisse
1357 790 1544 829 memini.
1669 798 1678 817 x
1720 808 1727 816 1'

565 860 614 898 In
645 862 868 899 Concexcu
899 862 1107 900 cellnloso
1148 865 1389 903 animalium
1418 864 1508 904 fere
1537 866 1728 904 omnium

462 944 645 974 entozoa
672 936 871 977 facillime
890 942 1172 990 proveniunt,
1202 950 1250 980 ut
1276 940 1446 980 Filarias
1476 951 1560 980 tarn
1583 943 1628 980 in
1656 940 1732 980 ho'-

459 1014 580 1052 minis
611 1027 738 1066 quam
780 1017 825 1053 in
854 1016 1138 1054 mammalium
1170 1027 1211 1055 et
1240 1019 1376 1055 avium
1409 1017 1608 1056 cellulosa
1635 1016 1732 1056 sub-

462 1099 661 1140 cutanea,
693 1092 861 1131 easdem
891 1105 991 1130 vero
1023 1102 1064 1131 et
1092 1093 1331 1140 Ascarides‚
1365 1103 1405 1132 et
1424 1095 1660 1132 Distomata
1691 1102 1733 1131 et

463 1165 721 1220 Cysticercos
766 1170 811 1206 in
848 1169 1134 1207 musculorum
1174 1169 1431 1221 aliarumque
1459 1172 1642 1220 partium
1670 1173 1733 1209 in-

463 1244 642 1280 terstitiis
674 1244 881 1283 cellulosis
919 1247 1113 1285 omnibus
1142 1244 1232 1283 Fere
1268 1247 1312 1282 in
1342 1243 1588 1283 animalibus
1613 1251 1735 1296 repe-

459 1317 553 1358 rias.
1673 1322 1676 1325 ⁴

567 1394 786 1435 Viscerum
814 1400 967 1437 iterum
1009 1407 1050 1437 et
1076 1399 1369 1437 intestinorum
1398 1398 1635 1451 superficies
1666 1410 1745 1447 ex2

459 1481 579 1511 terna
607 1477 749 1513 tunica
777 1488 918 1514 serosa
935 1475 1106 1514 inducta
1128 1475 1412 1527 Cysticercos‚
1456 1476 1588 1513 rarius
1610 1462 1734 1511 Echi-

458 1561 672 1589 nococcos
703 1561 744 1590 et
760 1553 1008 1599 Distomata,
1037 1549 1622 1603 saepius'Echinorhynchos,
1645 1562 1734 1587 sae-

458 1626 631 1677 pissime
659 1629 939 1668 Nematoidea
966 1628 1108 1676 fovet,
1140 1626 1243 1665 haec
1271 1627 1536 1679 plerumque,
1567 1627 1734 1664 tunicae

459 1702 569 1739 miro
594 1703 726 1742 modo
756 1703 990 1755 implicata,
1020 1713 1066 1743 ut
1095 1702 1309 1756 quaedam
1339 1715 1489 1741 eorum
1521 1701 1753 1755 Οαμςιιίατν

461 1779 559 1816 riae
585 1782 812 1818 nomine‘a
851 1781 955 1818 Zed
972 1793 1061 1818 ero
1092 1784 1301 1818 sistantur.

566 1855 617 1894 In
646 1857 826 1893 cerebro
858 1838 1038 1895 hominis
1078 1865 1118 1894 et
1146 1854 1432 1894 mammalium
1460 1854 1635 1894 Vermes
1664 1868 1734 1909 cy-

461 1933 550 1970 stici
579 1934 683 1970 varii
729 1935 885 1984 reperti
913 1942 1029 1978 sunt;
1074 1935 1136 1970 in‘
1156 1932 1374 1970 Gadorum
1405 1930 1575 1969 cerebro
1603 1930 1733 1984 hyda-

461 2007 549 2046 tula
576 2007 776 2046 Rathki
795 2022 820 2046 ο
851 2011 958 2057 visa,
986 1996 1042 2048 ¹de
1072 2022 1156 2062 qua
1183 2011 1227 2046 in
1256 2011 1290 2058 ξ.
1321 2006 1604 2059 praecedente
1636 2008 1732 2045 dixi.

442 2097 466 2110 ·
517 2121 519 2123 .
566 2084 614 2122 In
642 2083 824 2123 hominis
855 2095 895 2124 et
925 2089 1025 2139 equi
1056 2086 1182 2123 oculo
1212 2084 1400 2123 Filariae.
1454 2083 1503 2121 In
1533 2081 1734 2135 Delphini

461 2160 713 2201 Phocaenae
745 2175 859 2198 cavo
892 2163 1097 2214 tympani
1125 2159 1373 2213 Strongylus
1416 2157 1604 2197 inflexus.
1685 2158 1734 2198 In

462 2237 653 2276 sinubus
669 2238 952 2291 frontalibus
981 2239 1079 2289 equi
1113 2247 1155 2279 et
1184 2238 1295 2276 canis
1325 2235 1630 2274 Prionoderma
1649 2233 1733 2276 rhi-

458 2317 639 2352 narium.

564 2390 615 2429 In
637 2390 924 2444 pulmonibus
963 2398 1005 2427 et
1034 2388 1220 2426 trachea
1257 2401 1354 2427 cum
1384 2387 1570 2439 ejusdem
1599 2372 1734 2426 rasti-

450 2465 748 2518 ficczcz'onibns
779 2478 940 2507 vermes
969 2467 1211 2517 saepissime
1244 2467 1522 2517 reperiuntur.
1595 2465 1646 2504 In
1670 2477 1734 2504 ra-
