1801 3066
423 157 475 204 ψ·

427 272 515 299 100.
546 259 620 298 Jo.
649 257 806 297 Mich.
835 258 1218 298 Savonarolae
1255 261 1476 299 Tractatus
1506 263 1562 301 de
1588 263 1695 303 Ver-

474 335 640 384 mibus,
686 349 871 374 annexus
903 325 1337 386 ejusdem⁴Practicae
1368 339 1612 378 canonicae
1630 341 1695 379 ‘de

475 412 692 451 Febribus.
757 412 907 450 Venet.
953 418 1063 464 1498.
1105 411 1178 450 fol.
1209 412 1418 452 Haller.
1451 416 1563 459 1561.
1601 416 1694 455 Fol.

472 489 508 533 B
524 502 549 527 ο
563 502 585 527 e
596 486 623 524 h
635 503 677 525 m
693 503 715 527 e
728 503 758 526 r.

425 580 513 610 101.
544 565 884 619 Hippolytus
914 564 1125 603 Brillus
1155 564 1209 602 de
1239 565 1508 606 Lendeneria
1538 569 1694 620 Opuse.

475 642 529 681 de
557 640 769 681 vermibus
799 643 844 678 in
875 644 1072 693 Corpore
1101 639 1288 679 humano
1319 644 1483 696 genitis.
1545 645 1692 684 Venet.

479 724 590 769 ¹540·
619 720 655 759 8.
690 716 973 756 Boehmer.
1549 703 1551 705 ¹

424 809 512 839 102.
541 797 608 834 De
636 793 848 833 lumbricis
881 793 1019 833 alvum
1049 792 1354 845 occupantibus
1378 808 1426 832 ac
1448 795 1503 834 de
1526 798 1694 837 ratione

475 870 652 910 curandi
683 885 782 920 eos,
823 875 895 924 qui
925 871 976 909 ab
1006 869 1086 908 illis
1116 870 1395 919 infestantur,
1438 883 1695 911 commenta-

474 952 586 998 rius,
624 949 970 1001 Hieronymo
1002 946 1320 992 Gabucino‚
1370 946 1575 997 Fanensi,
1622 963 1695 987 au-

475 1036 608 1064 ctore.
650 1024 786 1078 Lugd.
822 1029 931 1076 1549.
963 1037 1049 1075 219.
1079 1037 1118 1074 p.
1149 1025 1195 1061 in
1229 1036 1285 1060 12.
1317 1023 1342 1048 ’ἴ
1390 1025 1556 1074 (Venet.
1582 1026 1693 1075 1547.

473 1105 510 1145 8.
539 1101 629 1140 foll.
659 1105 722 1153 57.
752 1101 1087 1157 Dryander.)

554 1178 813 1230 Compilatio
850 1191 932 1229 pro
974 1190 1051 1215 suo
1095 1190 1198 1215 aevo
1243 1177 1392 1225 docta,
1437 1176 1562 1215 nobis
1602 1180 1695 1215 inu-

474 1254 570 1293 tilis.
628 1257 730 1307 Cap.
764 1269 796 1293 1.
841 1256 908 1293 De
943 1256 1260 1291 interaneorum
1303 1256 1580 1292 animantium
1616 1268 1695 1295 110-

471 1329 669 1368 minibus.
752 1332 854 1379 Cap.
895 1343 928 1366 2.
989 1330 1056 1366 De
1093 1329 1403 1367 lumbricorum
1452 1330 1694 1382 generibUS‚

474 1408 577 1457 Cap.
606 1413 643 1451 5.
689 1403 1018 1442 Lumbrittorum
1049 1406 1241 1442 omnium
1273 1417 1481 1457 generum
1510 1405 1696 1457 descrip-

475 1484 612 1521 tiones
644 1490 686 1519 et
715 1481 769 1519 de
797 1479 884 1517 lato
924 1479 1059 1530 plura.
1128 1480 1350 1532 Originem
1391 1494 1487 1519 cum
1517 1491 1695 1520 auct-ore

472 1558 570 1596 libri
617 1557 1012 1608 Hippocratici
1049 1557 1181 1605 spurii
1220 1556 1300 1606 (cle
1327 1555 1514 1608 morbis)
1556 1572 1605 1595 ex
1631 1561 1694 1596 in-

475 1644 626 1673 ternae
677 1632 973 1669 intestinorum
1020 1630 1298 1669 membranae
1352 1630 1576 1671 abrasione
1602 1634 1694 1672 -de-

444 1737 447 1738 γ
473 1703 613 1754 Ιίνᾶῑξ
657 1721 824 1747 vermes
873 1706 1157 1747 cucurbitinos
1207 1709 1262 1747 ad
1299 1708 1504 1747 Taeniam
1546 1709 1692 1758 refert,

475 1786 554 1825 sed
591 1783 699 1824 hanc
745 1783 1036 1823 sacciformem
1075 1785 1276 1824 describit
1312 1788 1422 1824 intra
1460 1799 1586 1838 quam
1623 1800 1692 1824 cu-

477 1861 677 1901 curbitini
733 1861 916 1914 degant,
967 1871 1016 1900 ut
1049 1861 1340 1901 membranam
1376 1864 1563 1914 spuriam
1600 1877 1692 1903 eos-

475 1939 574 1978 dem
602 1938 891 1977 involventem
917 1950 999 1989 pro
1029 1936 1209 1978 bestiola
1239 1942 1330 1992 ipsa
1359 1937 1564 1978 habuerit.
1612 1941 1691 1978 Po-

475 2016 580 2054 steri
606 2017 760 2066 passim
789 2012 871 2053 hoc
903 2025 1169 2067 receperunt.

426 2092 514 2132 103.
544 2079 769 2130 Hieronf
809 2092 1134 2145 Nymmanus
1175 2104 1285 2143 resp.
1324 2091 1397 2130 Jo.
1434 2093 1690 2131 Emerico

473 2170 584 2209 Diss.
614 2169 668 2207 de
695 2166 922 2206 lumbricis.
957 2167 1085 2207 Viteb.
1121 2173 1230 2220 1594.
1259 2168 1316 2219 pl.
1351 2169 1396 2220 1}
1423 2168 1663 2207 Heffter.

427 2249 513 2295 104.
540 2246 650 2284 Nic.
674 2243 878 2284 d'Urso
903 2244 957 2283 de
971 2243 1194 2285 vermibus.
1212 2245 1346 2295 Neap.
1373 2246 1484 2284 1601.
1506 2244 1691 2291 Plouc-

473 2330 620 2374 quen

427 2399 512 2438 105.
540 2397 645 2436 Fel.
684 2396 904 2436 Plateri
943 2396 1126 2437 Praxeos
1149 2397 1348 2436 Medicae
1388 2386 1508 2449 Opus
1537 2396 1690 2449 (1602)

476 2482 572 2513 tert.
602 2472 666 2512 ed.
707 2488 730 2513 a
768 2474 872 2514 Fel.
912 2463 1142 2514 Platero
1181 2475 1362 2526 Nepote.
1413 2473 1535 2513 Basil.
1579 2473 1689 2512 1656.
