1801 3066
458 128 537 170 586

457 231 630 276 inclusa,
660 228 884 267 solitariam
913 227 1071 282 degunt
1096 229 1235 275 vitam,
1265 237 1312 266 ut
1334 228 1519 277 coeundi
1545 229 1719 270 facultas
1770 250 1777 259 τ

416 294 420 306 ’
457 314 506 350 iis
534 321 623 347 non
652 304 919 350 concedatur,
948 306 990 342 in
1020 301 1256 357 quibusque
1290 317 1370 344 nec
1397 307 1579 357 partium
1607 308 1720 359 geni—

458 388 605 427 talium
631 396 711 424 nec
739 379 960 420 ovulorum
987 381 1201 432 vestigium
1230 394 1419 434 unquam
1449 391 1663 434 appareat.

536 464 581 502 Si
618 461 758 500 omnia
794 467 933 496 autem
969 466 1213 509 argumenta
1248 457 1361 495 dicta
1395 471 1418 496 a
1454 466 1494 495 te
1531 462 1721 511 superari

454 553 575 595 posse
602 537 764 582 credas,
794 533 906 572 aliud
934 541 1135 584 superest,
1166 532 1283 584 quod
1311 533 1426 571 litem
1450 546 1620 574 omnem
1641 536 1721 575 tol·
1752 569 1754 572 .

451 619 519 659 lit:
548 628 707 657 vermes
734 614 931 651 nimirum
958 608 1062 648 bene
1084 609 1202 646 multi
1224 611 1395 661 vivipari
1416 622 1523 659 sunt,
1547 612 1600 652 de
1620 625 1722 651 ovu-

450 696 498 734 lis
527 705 626 747 ergo
658 692 906 728 extrinsecus
937 685 1079 730 allatis,
1109 697 1266 737 eosque
1292 687 1612 737 procreantibus
1640 703 1721 728 ser·

451 785 525 810 mo
550 769 641 807 fieri
667 767 823 817 nequit,
851 761 1011 799 nullam
1042 763 1153 799 enim
1182 761 1342 800 finxeris
1370 765 1492 812 viam,
1523 778 1606 819 qua
1635 780 1720 804 em-

451 848 636 900 bryones
664 843 743 881 vivi
778 842 822 877 iu
858 838 1049 876 soetuum
1087 845 1208 877 utero
1240 839 1536 879 conclusorum
1565 855 1717 894 corpus

449 926 633 967 irruant,
670 928 710 958 et
748 916 996 970 embryones
1031 912 1123 951 illos
1160 917 1367 953 vermium
1416 926 1530 957 extra
1569 931 1718 971 corpus

451 997 629 1038 animale
663 997 791 1032 viram
831 1003 1079 1030 conservare
1106 1003 1244 1042 posse,
1271 992 1411 1032 nullus
1441 996 1717 1044 contenderit,

450 1080 525 1129 qui
547 1075 602 1114 ad
628 1070 925 1124 praecedentia
948 1068 1131 1105 animum
1153 1068 1296 1106 debito
1325 1070 1453 1109 modo
1480 1072 1717 1112 attenderit.

1032 1169 1066 1216 §—
1097 1180 1136 1206 2.

791 1265 843 1308 V
837 1278 984 1306 ermes
1017 1277 1250 1307 connacos
1282 1281 1392 1310 esse.

525 1377 617 1415 Nec
645 1382 807 1413 vermes
837 1372 982 1424 itaque
1009 1383 1090 1409 nec
1118 1371 1351 1410 eorundem
1389 1372 1516 1413 ovula
1550 1376 1596 1413 in
1632 1377 1718 1414 ani-

448 1454 575 1493 malia
604 1451 853 1490 extrinsecus
881 1447 1021 1495 illabi,
1051 1447 1125 1486 sed
1152 1447 1299 1486 iisdem
1344 1450 1530 1498 innasci,
1573 1454 1718 1492 omnia

447 1530 638 1572 suadent,
668 1527 821 1577 istique
849 1526 1080 1562 sententiae
1114 1524 1397 1562 recentiorum
1432 1523 1559 1581 longe
1586 1528 1718 1579 pluri-

445 1609 517 1652 mi,
547 1602 754 1642 veteribus
785 1599 1036 1653 quibusdam
1064 1613 1099 1638 v.
1122 1613 1155 1637 c.
1183 1600 1649 1641 vaammerdamio
1674 1613 1716 1643 et

444 1663 822 1722 ffillisnierio,
850 1675 1174 1727 praeeuntibus,
1202 1675 1360 1713 addicti
1387 1686 1504 1725 sunt,
1534 1659 1714 1719 eandem

407 1799 409 1801 ,
445 1754 696 1807 argumentis
747 1751 1029 1791 suffulcientes
1079 1753 1323 1805 gravissimis
1332 1780 1345 1801 ,
1401 1765 1510 1805 quae
1554 1756 1714 1810 singula

448 1842 752 1872 enumeremus.

521 1907 710 1956 Argum,
739 1904 771 1944 Ι.
826 1905 1036 1941 Encozoa
1052 1911 1183 1940 extra
1197 1905 1416 1942 animalia
1431 1919 1519 1944 non
1537 1908 1712 1950 inveni-

601 1982 657 2029 ri,
686 1981 801 2032 quod
831 1983 875 2018 in
901 1979 1252 2032 praecedentibus
1292 1980 1595 2032 demonstravi,
1623 1998 1711 2023 ma-

602 2058 702 2094 ximi
733 2064 844 2093 certe
872 2056 1086 2106 ponderis.

522 2134 711 2184 Argum,
741 2131 791 2170 Π.
847 2132 901 2167 In
918 2129 1137 2183 foetubus
1164 2147 1302 2185 nuper
1314 2135 1444 2172 'natis
1470 2133 1543 2172 vel
1567 2135 1616 2172 ia
1643 2135 1707 2174 lu-

604 2223 695 2247 cem
722 2206 923 2245 nondum
951 2205 1084 2244 editis
1114 2221 1355 2247 occurrere.

522 2287 797 2325 vetustorum
836 2290 1052 2341 auctorum
1086 2283 1164 2322 hac
1203 2283 1255 2322 de
1288 2297 1335 2321 re
1374 2284 1499 2324 effata
1531 2288 1704 2326 minoris

444 2372 554 2402 certe
582 2364 785 2400 momenti
811 2368 930 2407 sunt,
959 2361 1116 2412 quippe
1146 2362 1218 2412 qui
1252 2363 1384 2398 varias
1412 2375 1476 2400 res
1503 2375 1591 2402 non
1619 2351 1712 2401 ani-—

441 2449 570 2478 matas
598 2441 837 2490 saepissime
875 2449 955 2489 pro
995 2436 1205 2475 vermibus
1246 2436 1525 2486 vendiderint,
1571 2447 1619 2476 ut
1658 2441 1703 2478 in

883 2561 895 2576 Ι
