1801 3066
1239 153 1320 200 405

61 275 142 315 que
171 262 389 313 propriam
408 258 565 311 degere
592 242 748 307 potest,
776 254 896 306 quod
922 257 967 293 in
988 254 1192 295 Naidibus
1219 269 1256 295 v.
1284 271 1318 298 c.

61 346 322 388 compertum
354 344 437 381 est,
470 334 531 370 uti
560 334 685 369 etiam
712 331 919 369 vermium
947 329 1228 380 plurimorum
1256 331 1319 369 dj-

59 414 219 450 visione
249 420 336 449 arte
364 409 494 457 Facta,
526 417 666 459 partes
695 407 844 445 dlvisas
874 406 936 443 sui
962 407 1063 456 juris
1093 417 1134 444 et
1161 409 1318 446 anima-

59 487 114 526 lia
150 486 338 539 perfecta
376 495 417 523 et
451 487 620 537 integra
656 482 748 522 fieri
787 481 1068 520 observamus.
1150 482 1320 535 Absque

61 576 143 602 ovo
170 564 322 615 igitur,
350 543 418 599 {01
448 559 607 611 absque
635 572 808 597 sexuum
837 557 1118 597 discretorum
1146 569 1319 598 concur-

61 652 106 676 su
135 640 389 691 propagatio
420 634 530 673 hisce
560 633 820 673 conceditur.

138 713 230 752 Alia
260 716 438 759 iterum,
465 713 642 749 maxime
672 710 901 762 simplicia,
929 709 1084 749 natalia
1110 711 1245 748 minus
1273 708 1322 748 li-

60 792 203 828 mitata
243 787 421 837 habent,
479 798 520 827 et
560 801 609 826 ex
635 785 850 838 particulis
882 785 1063 825 aliorum
1092 799 1324 838 corporum

62 867 271 919 organicis
315 864 522 916 originem
562 863 718 901 ducere
757 873 947 914 possunt.
1015 863 1081 900 Sic
1115 864 1159 900 in
1196 863 1325 913 parti-

60 941 137 980 bus
182 941 387 993 orgam'cis
433 948 518 976 tam
559 937 807 977 animalibus
848 952 973 990 quam
1021 936 1324 992 vegetabilibus

63 1031 171 1070 aqua
208 1015 352 1054 infusis
394 1024 435 1053 et
461 1016 682 1053 maceratis
711 1013 962 1054 animalcula
990 1016 1185 1052 oriuntur
1212 1015 1327 1052 vai-la

62 1103 105 1132 et
131 1095 378 1139 innumera,
416 1091 622 1129 infusoria
650 1090 784 1138 dicta,
824 1090 878 1128 de
908 1103 1090 1142 quorum
1119 1099 1244 1139 ortu,
1271 1102 1328 1129 ne

61 1170 183 1208 nimis
219 1167 374 1222 longus
411 1166 531 1215 fiam,
589 1166 642 1206 ad
677 1165 1078 1220 Wrisbergium
1123 1163 1258 1217 (Bibl.
1285 1176 1331 1202 11:

28 1249 30 1251 ’
65 1247 178 1298 244.)
223 1254 265 1284 et
301 1245 673 1283 Treviranum
713 1241 940 1294 (Biologie'
960 1240 1058 1282 Vol.
1086 1240 1138 1282 H.
1165 1255 1210 1293 p.
1240 1241 1327 1291 264,

66 1324 196 1374 sequ.)
223 1320 406 1359 lectores
437 1319 632 1372 ablegare
660 1317 795 1356 liceat.
850 1317 1030 1369 Parique
1057 1320 1222 1356 ratione
1244 1320 1330 1356 ani-

67 1396 246 1435 malcula
288 1394 506 1434 seminalia
543 1392 609 1432 vel
639 1403 778 1432 cetera
814 1389 1031 1448 Phytozoa
1067 1395 1112 1430 in
1147 1392 1332 1430 animali-

66 1472 143 1511 bus
171 1473 273 1510 vivis
303 1470 445 1519 obvia,
473 1484 551 1509 nec
579 1482 670 1508 non
696 1469 853 1524 fungos
883 1468 1097 1523 quoslibet
1116 1470 1217 1507 oriri
1242 1482 1331 1508 cre·

68 1547 260 1586 ‹liderim-
564 1532 568 1535 χ

146 1622 336 1660 Entozoa
364 1621 488 1661 simili
514 1636 690 1676 prorsus
719 1621 852 1660 modo
881 1624 926 1659 in
956 1620 1202 1660 animalibus
1230 1622 1331 1659 vivis

68 1691 362 1751 procreantur.
445 1700 611 1738 Horum
661 1699 773 1738 enim
815 1697 1030 1750 particulis
1081 1696 1334 1749 quibusdam

70 1777 207 1813 minus
237 1773 491 1822 assimilatis,
547 1775 734 1827 indeque
770 1789 864 1813 cum
903 1774 1075 1826 reliquis
1113 1785 1204 1812 non
1233 1784 1335 1809 con—

70 1848 358 1897 venientibus,
403 1846 472 1888 vel
508 1848 560 1887 ab
592 1851 743 1888 iisdem
772 1850 1042 1901 separandis,
1086 1857 1237 1899 utpote
1267 1860 1336 1885 or-

74 1928 253 1982 ganicis,
288 1927 370 1964 vita
396 1926 573 1976 propria
601 1926 860 1964 conceditur.
914 1923 1075 1962 Isthaec
1106 1937 1336 1975 corpuscu-

72 1990 111 2040 la
150 2016 173 2040 a
207 2011 327 2053 parte
368 2000 552 2053 quadam
603 2000 772 2039 animali
825 2000 1104 2059 disjungenda
1143 2001 1337 2053 germina

75 2081 245 2126 sistunt,
302 2091 394 2115 cum
422 2076 591 2129 reliquis
620 2079 729 2115 miro
758 2077 891 2116 modo
923 2077 1240 2122 convenientia,
1296 2084 1338 2112 et

75 2159 118 2193 in
157 2154 310 2192 iisdem
356 2152 498 2210 similis
546 2155 756 2192 invenitur
797 2152 1013 2200 evolutio,
1067 2152 1338 2203 partiumque

79 2229 311 2284 explicatio,
982 2228 984 2231 ’

157 2306 386 2344 Putredine
413 2319 503 2346 non
531 2320 638 2358 opus
670 2316 756 2356 est,
798 2320 880 2360 qua
908 2317 1070 2346 veteres
1100 2305 1338 2358 generatio-

81 2397 179 2422 nem
210 2383 480 2434 aequivocam
512 2382 599 2421 fieri
627 2382 889 2431 statuebant,
933 2384 1014 2421 nisi
1041 2384 1121 2420 ista
1147 2379 1239 2419 sola
1267 2380 1340 2418 ad-

52 2456 248 2512 vjuvante
288 2468 429 2510 partes
471 2461 696 2513 organicae
734 2454 914 2513 disjungi
954 2468 995 2496 et
1041 2471 1140 2498 suae
1179 2459 1339 2511 spontis
