1801 3066
1281 151 1332 179 IX

69 261 149 307 go,
181 243 331 308 quale
359 243 591 301 exhibeo,
618 247 844 289 summae
869 245 1179 292 necessitatis
1206 263 1329 298 erat,

67 343 183 388 Huc
220 336 433 399 accedit,
469 351 720 387 novorum
754 344 993 388 itinerum
1027 359 1185 406 spem,
1226 365 1329 411 quo

69 440 175 486 aliis
217 439 343 486 Iocis
385 455 540 485 novas
581 441 765 486 iterum
801 440 1042 504 detegere
1084 447 1331 492 vermium

64 540 275 603 species,
302 537 592 602 librumque
620 555 806 602 augere
833 555 1051 603 possem,
1071 540 1199 586 “mihi
1224 561 1330 591 non

66 637 277 702 amplius
314 637 550 683 arridere.
617 636 790 683 Labor
822 640 916 684 iste
951 654 1108 698 meus,
1147 641 1329 704 qualis·

67 754 272 804 cunque
309 740 382 796 sit,
419 734 587 782 fructu
625 748 762 782 certe
796 753 900 783 non
931 736 1139 796 carebit,
1177 739 1328 787 alios-

66 854 166 902 que
218 834 522 901 propediem
569 834 786 882 meliora
837 835 1150 884 exhibituros
1201 855 1324 901 esse,

61 951 376 1001 magnopere
412 933 635 982 confido.

192 1037 278 1082 De
314 1033 507 1092 ordine,
547 1051 699 1098 quem
725 1038 1042 1100 potissimum
1067 1052 1327 1103 sequerer,

65 1136 152 1183 diu
192 1134 436 1182 sollicitus
470 1133 568 1192 fui,
634 1138 838 1199 quaevis
889 1137 1024 1182 enim
1070 1134 1180 1183 fere
1227 1141 1323 1197 via,

65 1251 218 1299 quam
262 1236 317 1281 in
364 1233 609 1296 ejusmodi
644 1234 795 1281 rebus
830 1235 1204 1301 pertractandis
1252 1239 1327 1283 in-

59 1333 342 1397 gredimur,
401 1335 555 1397 spinis
605 1333 857 1394 abundat,
916 1336 1097 1385 harum
1148 1347 1323 1382 tamen

57 1431 299 1496 plurimas
335 1433 560 1488 evitasse,
597 1429 720 1475 mihi
753 1434 883 1477 visus
918 1448 1044 1478 sum.
1179 1440 1200 1453 *'

185 1527 444 1577 Volumen
477 1526 643 1572 hocce
677 1529 731 1572 in
766 1541 864 1575 tres
898 1542 1067 1593 partes
1106 1531 1263 1579 divisi.

183 1631 378 1675 Harum
400 1628 566 1690 prima
587 1624 994 1686 Biblioclzeoam‚
1023 1628 1191 1676 multis
1216 1629 1318 1677 for-

55 1738 106 1773 te
141 1721 470 1790 superfluam,
521 1723 645 1771 mihi
681 1737 850 1771 autern
883 1730 1105 1775 maxime
1139 1745 1318 1776 neces-

55 1827 246 1872 sariam'
272 1826 426 1872 visam
448 1825 588 1875 sistit,
655 1824 969 1888 Scriptorum
996 1826 1192 1875 scilicet
1215 1827 1319 1875 huc

55 1923 354 1971 facientium
383 1922 641 1986 catalogus
675 1928 1020 1984 systematicus
1046 1939 1096 1974 et
1111 1940 1316 1974 exactus

57 2025 266 2070 omnino
297 2021 490 2082 deerat,
526 2039 647 2068 nam
673 2036 903 2073 auctores
925 2026 1319 2090 bibliographici

57 2120 366 2169 universales
383 2119 634 2182 librorum
654 2120 1223 2189 helminthologicorum
1243 2127 1316 2170 in-

55 2223 359 2285 scriptiones
401 2235 557 2284 saepe
596 2236 803 2268 mancas
847 2222 1114 2271 mutilasve
1146 2212 1317 2270 reddi-

55 2317 266 2374 derunt,
322 2314 586 2366 censuram
626 2336 750 2368 vero
785 2325 1037 2372 rarissime
1070 2323 1152 2372 vel
1183 2339 1313 2370 nun-

53 2418 211 2481 quam
244 2415 490 2470 Fecerunt.
