1801 3066
414 1087 431 1121 N,

455 175 531 211 IOQ

450 273 541 321 543.
570 268 820 321 Ejusdem
866 266 964 307 Rc‘in
992 279 1064 306 om
1090 266 1288 315 Maskar,
1341 264 1420 306 och
1447 268 1463 306 i
1491 268 1720 324 synnerhet

506 359 579 384 om
606 344 785 384 Binnike
812 343 1002 383 Masken.
1033 342 1089 380 ih.
1124 342 1235 395 1760.
1264 358 1306 396 p.
1340 346 1543 397 159·¹91·
1574 345 1601 372 ‘k
1645 344 1722 384 De

505 423 697 460 Taeniae
724 420 963 474 frequentia
993 419 1168 457 diversis
1197 421 1242 457 in
1270 419 1518 474 regionibus
1541 421 1718 460 diversa.

507 499 561 537 Se
588 500 633 536 in
660 496 807 536 brania
846 499 1074 535 semicocta
1105 505 1146 534 et
1172 509 1346 534 mensae
1384 498 1577 549 apposita
1613 496 1722 550 ligu-

504 573 590 613 lam
618 576 754 613 vivam
782 574 950 613 vidisse.
992 573 1042 610 In
1068 573 1230 623 piscina
1258 573 1296 610 T
1300 575 1439 611 aenias
1475 576 1544 626 (an
1571 572 1721 627 ligulas
1766 624 1767 627 Ἴ

503 650 698 704 potius?)
730 663 753 687 a
782 663 826 687 se
857 648 1099 688 observatas
1130 663 1220 687 esse
1247 651 1376 698 vivas,
1406 663 1508 702 quas
1540 651 1632 701 ipse
1662 659 1722 688 ta—

511 739 612 764 men
641 739 665 763 a
691 725 873 776 piscibus
916 725 1096 778 dejecta-s
1134 728 1379 778 suspicatur.
1445 725 1496 764 In
1529 724 1721 777 plurimis

506 803 602 842 dari
640 800 903 839 animalibus.
980 802 1048 840 De
1099 815 1248 840 eorum
1298 804 1482 841 seminiis
1529 799 1721 840 homines

505 877 769 917 intrantibus.
826 879 894 917 De
924 877 1107 928 morbis,
1145 878 1323 917 medela.

450 957 541 1006 344.
573 954 797 1006 specimen
826 955 1115 993 academicum
1146 956 1197 994 de
1227 956 1411 1003 Taenia,
1442 955 1561 1008 quod
1587 968 1720 1006 praes.

502 1033 617 1071 Car.
646 1032 896 1069 Linnaeo
927 1031 1058 1069 subm.
1091 1031 1326 1070 Godofr.
1356 1030 1581 1070 Dubois.
1635 1031 1723 1082 Up-
1772 1039 1779 1043 ‘

504 1105 575 1145 sal.
611 1111 722 1157 1748.
751 1107 814 1152 56.
845 1121 886 1158 p.
915 1111 954 1157 4.
986 1122 1080 1146 cum
1109 1106 1191 1147 tab,
1224 1122 1314 1146 aen.
1349 1122 1378 1146 1.
1408 1110 1434 1133 ‘9‘
1584 1096 1587 1097 ⁷
1655 1091 1660 1094 “

583 1185 800 1222 Recmnm
828 1186 871 1222 in
900 1185 1140 1222 Linnaei
1167 1185 1345 1222 Amoen.
1400 1183 1597 1221 Academ.
1627 1181 1720 1233 Vol.

503 1273 538 1297 2.
567 1273 607 1311 p.
637 1264 792 1310 59-99.
826 1259 852 1284 ⁴‘
881 1259 953 1310 (In
982 1258 1130 1298 harum
1159 1259 1224 1298 ed.
1255 1273 1290 1297 2.
1319 1273 1359 1311 p.
1388 1260 1543 1305 53-88.
1575 1258 1654 1297 Ed.
1683 1264 1720 1305 ⁹5.

501 1349 542 1387 Ρ.
573 1341 725 1386 59-99.
754 1335 1080 1388 Dryander.)

583 1408 1060 1472 SystematicaNquidem
1088 1409 1276 1447 Taeniae
1313 1409 1533 1461 dispositio
1570 1411 1721 1462 prima,

504 1486 766 1526 characteres
806 1482 993 1531 offerens
1034 1483 1275 1536 specfficos,
1325 1486 1378 1525 de
1415 1486 1568 1539 quibus
1599 1496 1721 1525 antea

500 1566 569 1603 vix
598 1565 855 1614 cogitarunt,
885 1560 963 1599 sed
990 1557 1171 1597 hominis
1201 1559 1518 1615 bestiarumque
1538 1564 1722 1602 Taenias

503 1639 809 1678 diversissimas
848 1635 1180 1683 confundendo,
1227 1638 1391 1687 species
1433 1639 1524 1688 ipse
1552 1640 1722 1677 nonnisi

500 1724 624 1768 vagas
654 1715 785 1766 ponit.
857 1713 1040 1750 Taenias
1082 1709 1268 1760 Solium,
1310 1710 1460 1761 latam,
1500 1713 1722 1767 vulgarem

502 1790 577 1843 (ab
612 1788 891 1827 antecedente
920 1789 1093 1825 minime
1122 1788 1428 1840 separandam)
1458 1798 1499 1827 et
1528 1791 1719 1828 caninam
1754 1781 1756 1783 i

504 1863 708 1905 describit
735 1876 778 1902 et
807 1864 946 1903 obiter
971 1864 1173 1917 depingit.
1219 1865 1357 1915 Caput
1385 1864 1587 1916 Taeniae,
1612 1865 1720 1923 ‘dum

501 1945 626 1991 vixit,
664 1942 943 1980 Linnaeus
984 1943 1136 1980 acriter
1172 1939 1411 1993 denegavit.

448 2023 540 2071 345.
568 2019 854 2058 Dissertation
882 2029 953 2054 sur
990 2016 1031 2055 le
1068 2018 1231 2055 Taenia
1261 2029 1318 2055 ou
1350 2029 1425 2055 ver
1455 2015 1567 2068 plat,
1612 2017 1716 2058 dans

439 2107 443 2109 ·
501 2095 544 2135 la
571 2095 714 2149 quelle
745 2107 802 2132 on
824 2105 989 2145 prouve
1011 2106 1097 2145 que
1120 2106 1167 2130 ce
1191 2106 1266 2131 ver
1287 2095 1394 2132 n’est
1411 2105 1486 2144 pas
1506 2090 1715 2132 solitaire:

502 2186 604 2212 avec
629 2185 714 2209 une
742 2169 866 2209 lettre
896 2183 966 2208 sur
993 2167 1036 2207 la
1061 2168 1232 2221 pondre
1267 2167 1321 2207 de
1351 2165 1597 2223 sympathie.
1636 2170 1716 2208 Par

502 2247 739 2288 Charles
785 2247 996 2285 Dionis.
1041 2242 1065 2284 ὲ
1104 2246 1220 2284 Paris
1271 2249 1381 2297 1749.
1420 2243 1508 2283 266.
1554 2257 1596 2296 p.
1623 2250 1660 2291 8.
1690 2245 1716 2271 ’Κ

500 2325 568 2363 De
596 2325 758 2363 Taenia
784 2337 824 2375 p.
859 2322 982 2360 1-60.
1023 2324 1171 2375 agitur.
1226 2319 1465 2358 Solitariam
1493 2333 1583 2359 non
1612 2334 1711 2360 esse.

500 2399 569 2438 De
596 2402 758 2440 Taenia
782 2400 974 2452 loquitur
1002 2395 1231 2436 intestinali
1262 2406 1302 2434 et
1329 2395 1593 2436 involucrata
1615 2392 1712 2449 (Τὲ-
1773 2447 1779 2452 η

500 2479 573 2518 nia
599 2473 885 2529 enveloppe),
932 2472 1039 2513 hanc
1067 2472 1141 2513 sub
1180 2471 1402 2512 involucro
1441 2476 1582 2523 nasci,
1624 2486 1710 2527 quo
