1801 3066
438 150 519 194 216

437 264 536 295 nem
563 263 653 290 non
679 251 927 303 praebentes
950 250 1254 305 particulares
1275 259 1436 290 tantum
1454 261 1704 297 occurrunt;
1746 281 1754 284 ⁴

439 327 707 384 Gymnodela
735 343 757 369 e
786 339 931 371 contra
960 339 999 367 et
1026 327 1216 366 Entozoa
1244 341 1395 380 saepe,
1434 341 1606 381 semper
1634 341 1705 380 au-

439 416 523 446 tem
552 405 766 460 Phytozoa
795 405 895 444 tales
926 404 1197 457 universales
1225 404 1366 444 edunt«

545 481 714 533 Duplex
743 485 874 529 enim,
918 490 965 518 ut
1005 480 1058 518 ad
1086 479 1277 518 Entozoa
1310 489 1539 528 revertam,
1573 483 1618 537 iga
1641 480 1706 522 *his

440 560 629 612 corporis
653 568 788 597 motus
817 559 1093 609 conspicitur,
1115 555 1181 598 vel
1202 556 1395 605 ejusdem.
1412 570 1461 595 ex
1487 566 1707 605 structura,

438 635 508 676 vel
538 650 586 677 ex
614 637 825 688 principio
863 643 1059 673 movente
1095 632 1281 685 reliquae
1317 634 1518 674 materiae
1547 633 1708 683 addito,

441 713 553 753 dicto
582 711 729 757 modo,
760 710 1043 762 explicandus.

563 787 610 826 In
638 789 841 827 Entozois
885 785 1229 824 Tremacodibns
1274 784 1508 824 minoribus
1555 799 1708 840 corpus

441 863 703 916 diaphanum
746 863 944 904 fibrarum
991 865 1175 916 speciem
1219 862 1499 914 utplurimum
1551 863 1711 902 exhibet

439 940 624 988 nullam,
662 941 901 992 corpusculi
942 950 1087 978 tamen
1123 948 1263 977 motus
1294 926 1565 978 observamus
1602 942 1711 997 viva-

443 1019 642 1061 cissimos.
698 1017 867 1062 Collum
896 1030 996 1055 mox
1025 1025 1264 1059 attenuatur
1292 1016 1596 1069 longissimum,
1622 1029 1712 1057 cor-

439 1106 547 1146 pore
585 1093 752 1146 reliquo
798 1086 1036 1141 contracto,
1083 1102 1132 1134 ut
1165 1093 1355 1146 lagenam
1397 1094 1571 1140 referat,
1614 1107 1711 1131 mox

441 1178 672 1221 utrumque
701 1170 824 1208 simul
869 1170 936 1209 vel
978 1178 1190 1207 extensum
1220 1168 1286 1207 vel
1316 1172 1599 1218 contractum,
1648 1169 1713 1210 vel

441 1244 656 1292 inflexum,
683 1245 860 1296 planum
901 1245 968 1287 vel
1010 1245 1136 1282 dorso
1176 1257 1362 1285 convexo
1403 1246 1715 1299 abdomineque

444 1324 629 1361 carinato
661 1329 849 1372 apparet.
911 1320 1165 1371 Plerumque
1200 1330 1348 1373 porus,
1397 1333 1417 1358 a
1459 1335 1545 1377 quo
1574 1332 1714 1366 motus

447 1399 654 1451 originem
693 1398 884 1447 capiant,
929 1404 1135 1448 punctum
1171 1393 1297 1437 fixum
1327 1395 1466 1446 offert,
1503 1397 1716 1438 interdum

446 1484 586 1517 autem
616 1472 911 1512 animalculum
945 1484 1057 1523 poro
1094 1474 1290 1522 nuspiam
1321 1472 1523 1520 adfixum,
1570 1472 1644 1511 sed
1671 1475 1716 1512 in

446 1563 557 1604 aqua
585 1549 714 1588 libere
741 1557 889 1587 natans
917 1556 1057 1591 motus
1087 1561 1224 1601 aeque
1251 1561 1426 1601 magnos
1450 1551 1716 1602 maximeque

444 1626 665 1665 variabiles
693 1623 850 1681 prodit.
926 1622 1053 1662 Nulla
1094 1631 1206 1661 certe
1236 1624 1472 1676 corpusculi
1499 1638 1595 1677 pars
1623 1638 1716 1663 mo-

445 1712 509 1740 tus
541 1713 710 1753 exper5‚
741 1702 934 1752 cutisque
961 1698 1101 1738 mollis
1131 1699 1289 1752 ubique
1317 1703 1533 1754 corrugari
1560 1710 1714 1752 potest,

447 1777 594 1830 quales
624 1778 869 1828 praesertim
905 1778 951 1814 in
988 1775 1242 1830 marginibus
1270 1789 1392 1830 rugas
1423 1777 1611 1833 qualibet
1638 1777 1714 1816 sub

447 1856 740 1892 contractione
758 1852 898 1893 videre
929 1861 1001 1895 est.
1056 1852 1227 1892 Zeder
1256 1851 1540 1907 (Naturgesch.
1562 1853 1602 1896 d.
1618 1853 1717 1893 Ein-

445 1942 593 1985 gevvw.
622 1943 663 1982 p.
680 1932 765 1983 178.
797 1940 838 1973 et
859 1929 969 1979 205.)
988 1929 1111 1974 fibras
1140 1929 1396 1970 musculares
1424 1931 1469 1969 in
1495 1930 1717 1970 Tremato÷
1752 1953 1754 1957 >

448 2005 571 2044 dibus
601 2005 809 2057 duplices,
850 2006 1175 2060 longitudinales
1211 2008 1257 2044 in
1294 2006 1512 2063 speciebus
1548 1986 1715 2057 majoli-

448 2080 526 2123 bus
557 2081 688 2120 oculis
718 2083 841 2122 nudis
872 2082 1049 2123 visibiles
1080 2092 1119 2121 et
1140 2083 1207 2122 vel
1233 2085 1277 2121 in
1297 2082 1522 2123 abdomine
1541 2081 1633 2120 solo
1649 2082 1716 2124 vel

450 2160 575 2197 etiam
613 2161 656 2201 in
694 2158 822 2198 dorso
858 2158 936 2198 sub
974 2159 1187 2214 ligamenti
1215 2169 1285 2198 aut
1310 2158 1446 2202 lineae
1475 2156 1594 2198 albae
1622 2171 1716 2210 spe-

450 2237 513 2272 cie
541 2234 764 2283 collectos,
794 2235 1085 2278 transversales
1115 2246 1252 2279 autem
1280 2234 1419 2275 lineae
1445 2235 1513 2273 isti
1537 2235 1737 2280 insertos

449 2320 492 2351 et
521 2311 666 2352 eadem
695 2314 953 2364 interruptos
981 2314 1135 2352 statuit.
1203 2309 1336 2348 Fibris
1364 2308 1479 2350 hisce
1508 2298 1714 2363 assumtis,

448 2397 589 2426 motus
620 2391 810 2442 corporis
838 2389 960 2431 facile
989 2388 1184 2441 explicari
1210 2399 1338 2440 posse
1364 2395 1505 2440 patet,
1544 2386 1618 2425 sed
1645 2399 1716 2424 me

449 2463 544 2503 istas
574 2466 772 2518 ignorare
799 2479 894 2504 cum
921 2477 1028 2518 pace
1056 2464 1131 2504 cel.
1147 2465 1243 2512 viri,
1282 2466 1463 2518 ingenue
1481 2462 1629 2501 fateor.
1666 2460 1716 2498 In
