1801 3066
1245 200 1324 247 ωε

62 302 277 342 habeatur.
333 300 526 340 Hominis
566 307 607 335 et
635 298 780 335 simiae
819 297 1047 350 grandines
1075 313 1165 340 non
1191 305 1323 354 magis

64 378 302 421 obstabunt,
332 376 474 414 simiae
505 375 617 411 enim
645 374 815 410 nonnisi
844 382 952 410 statu
983 374 1212 414 domestico
1242 377 1323 416 fra-

65 465 155 493 ctae
202 438 464 505 ersticefcos
507 452 608 487 istos
653 447 920 497 obtulerunt,
968 446 1136 487 obstant
1183 462 1325 490 tamen

65 527 385 583 quodammodo
417 525 668 579 grandines,
698 538 806 577 quae
836 538 860 562 a
889 522 966 564 cel.
994 524 1127 562 Bosc
1154 527 1199 563 in
1226 526 1326 565 Del-

63 603 193 656 phino
223 601 467 650 Phocaena,
503 610 653 652 utpote
690 599 822 638 bestia
857 599 1091 650 indomita,
1131 613 1326 653 repertae

63 690 170 718 sunt.

144 757 194 794 V.
223 757 510 806 Argumenta
534 751 769 805 hypothesi
786 754 1022 791 contraria
1041 767 1133 791 nort
1149 751 1327 795 adsunt.

145 831 286 871 Dubia
323 828 539 883 quaelibet
577 830 685 866 circa
726 826 981 882 hypotheses
1019 827 1201 881 reliquas
1243 827 1330 868 hel-

66 906 340 959 minthologis
364 907 544 943 maximo
566 916 747 942 numero
771 906 981 955 opposita,
1009 917 1090 943 nec
1110 904 1329 954 solvenda,

66 993 213 1022 nostra
241 979 465 1038 hypothesi
494 981 695 1029 admissa,
734 988 1012 1028 evanescunt,
1055 994 1163 1031 quae
1194 982 1330 1020 eidem

69 1070 209 1099 autem
255 1067 528 1110 opponantur
576 1055 775 1094 facillimo
822 1065 936 1094 certe
986 1058 1163 1109 negotio
1207 1057 1332 1096 refel-

67 1136 225 1174 luntur.

147 1213 194 1250 A.
250 1212 437 1249 Primum
465 1218 508 1247 et
535 1206 826 1262 'gravissimum
854 1207 1026 1261 quidem
1057 1208 1234 1249 dubium
1262 1225 1333 1265 ge-

68 1290 335 1326 nerationem
375 1287 655 1336 spontaneam
690 1285 918 1322 universim
955 1288 1112 1339 tangit,
1149 1289 1195 1325 in
1221 1289 1334 1327 Zoo·

68 1363 207 1418 phytis
252 1374 355 1401 vero
397 1370 438 1398 et
475 1361 692 1411 speciatim
728 1362 771 1396 in
807 1359 1082 1400 Animaleulis
1118 1362 1334 1402 infusoriis

69 1436 307 1491 probatam,
334 1438 379 1474 in
405 1435 607 1474 Entozois
626 1449 762 1488 aeque
790 1434 1059 1488 probabilem
1081 1452 1184 1487 esse,
1212 1452 1336 1490 prae-

70 1515 197 1553 missa
239 1511 434 1553 suadent.
500 1510 682 1564 Ipsaque
721 1513 845 1549 etiam
881 1511 932 1551 ab
963 1516 1240 1568 epigeneseos
1269 1514 1336 1554 vel

73 1587 325 1628 evolationis
355 1585 544 1636 theoria,
584 1589 748 1636 minus,
792 1601 839 1626 ac
875 1588 1003 1643 vulgo
1044 1590 1252 1641 creditur,
1296 1600 1337 1629 et

69 1666 241 1708 nonnisi
269 1663 405 1719 gradu
433 1662 582 1712 distat,
610 1665 672 1701 uti
699 1675 825 1715 supra
854 1656 1041 1703 exhibuit

150 1742 196 1780 B.
243 1741 460 1788 Alterum,
499 1739 749 1792 faciliusque
778 1739 1050 1791 solvendum,
1090 1743 1338 1798 genitalium

74 1826 324 1870 apparatum
355 1825 503 1868 urget,
531 1818 576 1854 in
604 1817 794 1854 entozois
826 1816 1016 1868 plurimis
1047 1821 1338 1871 conspicuum,

74 1895 172 1946 qui,
237 1893 512 1945 generatione
558 1901 791 1943 spontanea
845 1892 1046 1942 admissa,
1099 1894 1338 1946 superfluus

74 1967 221 2008 haberi
249 1969 404 2019 possit,
433 1981 513 2006 nec
540 1969 585 2005 in
610 1967 824 2007 inftisoriis
856 1980 1070 2021 appareat,

154 2045 337 2098 Quaevis
377 2053 517 2082 autem
558 2039 777 2097 generatio
818 2043 982 2083 diversa
1017 2045 1208 2098 profert,
1257 2060 1338 2086 nec

75 2122 201 2159 unico
230 2122 541 2172 procreationis
571 2121 702 2159 modo
734 2110 930 2158 exliausta
959 2131 1034 2171 est,
1065 2132 1106 2160 et
1135 2123 1339 2175 quemad-

74 2196 251 2236 modum
277 2199 437 2235 insecta
466 2211 488 2234 a
516 2196 752 2246 molluscis,
781 2196 886 2235 haec
915 2211 938 2235 a
965 2196 1172 2249 piscibus,
1207 2201 1286 2237 ista
1314 2213 1339 2238 a

78 2271 250 2325 reliquis
267 2275 542 2325 generatione
559 2273 715 2312 sexuali
740 2276 869 2312 enatis
881 2303 896 2323 ,
924 2276 981 2313 ita
1003 2276 1127 2312 etiam
1145 2259 1338 2315 Entozoa

79 2348 131 2388 ab
147 2348 361 2387 infusoriis
379 2350 546 2400 distant,
576 2352 854 2404 generatione
874 2349 972 2388 licet
988 2350 1136 2388 eadem
1153 2363 1312 2394 exorta.

157 2425 271 2464 Dum
308 2435 450 2465 autem
485 2435 664 2472 entozoa
694 2425 945 2482 genitalibus
981 2428 1129 2468 instrui
1155 2431 1336 2477 mirari-«³9
