1801 3066
445 189 525 231 590

452 287 651 324 trinsecus
681 283 812 323 allatis
838 286 904 323 vix
932 283 1165 330 accidisset,
1212 283 1373 335 quippe
1401 294 1512 335 quae
1541 281 1713 321 animal-

453 360 545 400 cula
576 360 762 410 ejusdem
786 362 967 413 regionis
997 368 1036 397 et
1062 359 1148 397 loci
1173 359 1355 410 plurima
1381 361 1428 398 ni
1455 359 1598 397 omnia
1622 367 1714 397 tum

452 435 615 488 ingredi
639 438 883 486 potuissent.
939 436 1025 475 Cel.
1051 435 1227 488 quidem
1249 436 1466 474 Retzius
1495 434 1715 484 (Praelect.
1738 442 1747 452 ⁵

452 523 496 562 p.
523 514 605 560 41.)
634 512 759 550 ovula
785 515 829 550 in
855 512 1044 564 pambus
1072 512 1138 550 vel
1167 511 1413 550 animalibus
1437 513 1536 557 istis,
1557 513 1604 548 in
1623 511 1718 564 qui-

390 569 400 577 ·
454 585 531 626 bus
556 589 831 638 reperiantur,
861 588 1147 627 habitaculum
1185 596 1348 627 tantum
1385 599 1617 641 congruum
1655 599 1755 625 re-x

453 664 633 716 perisse,
670 666 713 701 in
743 663 830 701 aliis
864 664 929 701 vel
955 668 1142 718 periisse,
1178 664 1244 703 vel
1270 663 1412 703 saltem
1438 675 1528 701 non
1555 661 1720 700 excludi

452 740 662 788 potuisse,
689 738 875 791 ideoque
910 739 1018 779 hanc
1056 741 1111 780 ob
1151 754 1318 779 causam
1351 753 1511 778 vermes
1545 739 1721 777 minime

456 823 659 851 connatos
689 814 772 852 dici
801 815 1177 866 deberefmonet,
1212 826 1254 855 et
1281 817 1498 863 animalia,
1539 827 1651 869 quae
1675 816 1721 853 in

457 888 580 928 aridis
609 892 813 944 siccisque
848 896 1003 945 campis
1040 902 1284 945 pascantur,
1323 905 1565 947 nunquam,
1611 903 1723 944 quae

455 977 555 1003 vero
583 968 627 1004 in
656 967 859 1019 depressis
887 969 956 1007 vel
982 968 1164 1007 humidis
1192 968 1459 1023 pabulentur,
1487 951 1721 1006 hisce'sae-

456 1043 623 1092 pissime
649 1046 790 1083 vexari
818 1043 1066 1097 hospitibus,
1093 1056 1225 1099 urget.
1285 1045 1395 1083 Cum
1431 1044 1506 1083 cel.
1543 1047 1622 1083 viri
1647 1058 1722 1097 pa-

459 1130 506 1155 ce
534 1128 675 1158 tamen
703 1119 957 1174 hypothesin
987 1122 1121 1159 ovula
1148 1122 1251 1160 mltis
1278 1121 1392 1159 locis
1418 1134 1511 1160 non
1539 1118 1723 1169 excludi

451 1207 594 1244 posse,
625 1208 713 1232 rem
742 1199 916 1234 minime
939 1197 1144 1248 explicare
1166 1198 1429 1242 crediderim,
1459 1205 1501 1234 et
1520 1198 1555 1234 si
1574 1197 1723 1235 eadem

462 1269 707 1320 corporibus
738 1272 908 1310 diversis
938 1274 1032 1322 (nec
1060 1283 1199 1311 tamen
1230 1273 1541 1320 diversissimis)
1569 1273 1725 1309 immit-

462 1353 654 1394 terentur,
685 1348 829 1385 sedem
855 1347 1013 1388 ibidem
1041 1348 1167 1402 figere
1197 1358 1239 1386 et
1266 1349 1431 1387 excludi
1456 1359 1603 1400 posse,
1630 1360 1727 1400 per-

461 1426 742 1461 suasissimum
789 1424 939 1464 habeo,
1014 1425 1098 1463 Sed
1141 1425 1266 1463 ovula
1311 1434 1402 1463 tum
1442 1421 1726 1463 recentissima

463 1498 731 1547 animalibus,
759 1505 996 1540 necessario
1033 1502 1180 1540 caloris
1215 1501 1350 1555 gradu
1381 1514 1471 1539 non
1506 1501 1726 1549 destitutis,

463 1577 654 1613 citissime
681 1580 981 1618 immittantur:
1019 1591 1128 1631 quae
1157 1577 1419 1616 conditiones
1457 1577 1513 1616 ad
1549 1578 1725 1628 cujusvis

463 1651 577 1688 ovuli
618 1652 897 1691 exclusionem
939 1652 1130 1706 quolibet
1172 1654 1272 1692 loco
1312 1654 1597 1707 peragendam
1630 1667 1727 1692 cum

460 1730 746 1783 requirantur,
776 1729 999 1767 ovulorum
1034 1733 1078 1768 in
1115 1733 1232 1783 aquis
1259 1743 1421 1768 moram
1452 1742 1542 1768 non
1576 1729 1728 1768 admit·

461 1813 564 1850 tunt,
594 1814 634 1845 et
662 1818 830 1843 omnem
861 1809 1288 1844 communicationem
1318 1806 1445 1844 talem
1470 1805 1538 1844 vel
1555 1807 1600 1844 in
1619 1820 1729 1846 cam·

461 1882 524 1930 pis
552 1882 667 1918 siccis
696 1881 763 1922 vel
790 1884 834 1919 in
860 1885 987 1934 pratis
1023 1882 1241 1935 paludosis
1271 1892 1491 1921 assumtam
1517 1881 1726 1922 refellunt.

462 1956 576 1993 Loca
605 1956 778 1996 humida
807 1968 948 1997 autern
977 1958 1153 1998 diathesi
1180 1951 1439 1998 ‘verminosae
1464 1958 1629 2008 favere,
1663 1962 1728 1999 in-

461 2031 525 2069 fra
554 2046 772 2084 exponam.

540 2109 727 2158 Argum,
755 2110 845 2150 VII.
899 2113 1118 2150 Encozois
1142 2111 1377 2164 fabricam
1415 2125 1507 2150 esse
1526 2113 1727 2165 peculia-

621 2200 725 2224 rem.

542 2262 662 2301 Hanc
689 2266 733 2301 in
768 2264 981 2316 Capitibus
1016 2266 1254 2317 praemissis
1291 2264 1727 2315 exponendo,-Emo-

464 2352 540 2377 zoa
570 2354 593 2377 a
620 2341 789 2393 reliquis
819 2340 1062 2379 animalibus
1089 2355 1186 2380 vere
1215 2342 1378 2378 diversa
1408 2354 1515 2389 esse,
1546 2351 1588 2380 et
1615 2343 1728 2382 ordi'·

463 2427 562 2454 nem
590 2419 674 2455 sive
702 2417 874 2456 classem
901 2421 1153 2456 constituere
1181 2418 1445 2472 singularem,
1475 2417 1729 2458 demonstra-

446 2495 517 2531 .vi.
569 2493 711 2534 Mollis
748 2507 895 2533 eorum
932 2507 1182 2548 compages,
1231 2497 1337 2532 neris
1373 2493 1647 2546 utplurimum
1664 2505 1727 2533 -et
