1801 3066
1240 162 1317 210 447

57 260 111 307 vi,
133 268 174 296 et
197 256 558 311 quemadmodum
577 258 700 295 variis
719 257 763 293 in
783 257 971 306 partibus
993 260 1197 312 alienatis,
1226 276 1262 300 v.
1281 276 1316 307 e,

54 335 101 372 in
138 332 364 372 tuberculis
404 331 549 378 dictis,
591 333 635 368 in
664 331 859 369 ductibus
890 332 1085 383 biliferis‚
1127 337 1316 390 reliquis,

54 411 220 460 proprii
249 410 443 447 oriuntur
475 418 662 452 vermes,
708 408 779 444 sic'
806 420 978 460 quoque
1007 409 1221 464 Strongyli
1254 412 1317 449 illi

54 484 225 522 renibus
254 484 404 520 vitiatis
433 484 728 524 innascuntur„
775 481 940 521 Ibidem
958 496 1061 522 vero
1087 483 1241 533 oborti,
1271 490 1317 526 in

54 568 241 596 meteres
273 566 314 596 et
349 560 530 596 vesicam
566 559 793 595 urinariam
836 558 904 609 vel
929 559 1141 597 urethram
1172 561 1315 610 delati,

53 633 229 672 dolotes
270 632 381 671 clere
419 642 596 684 possunt
632 635 940 682 atrocissimos,
985 633 1053 672 vel
1091 635 1215 672 etiam
1245 636 1315 673 ab·

53 722 195 747 scessu
242 702 415 748 obort'o’
442 708 574 760 hujus'
604 712 869 747 sanationem
903 709 1049 748 forsan
1083 711 1315 759 retardant,

55 789 171 837 cujus
202 785 438 836 exemplum
468 786 703 823 attentione
735 784 911 838 dignum
939 798 963 824 a
992 785 1041 824 cl.
1068 786 1313 826 Moublet

53 861 184 913 (Bibl.
213 874 255 899 n.
283 862 396 912 490.)
435 860 691 912 descriptum
722 870 794 899 est.

157 938 377 977 Viscerurn
405 938 547 988 itaque
579 936 935 984 destructionem,
974 937 1009 974 si
1045 937 1212 975 oculum
1245 952 1313 977 ex-

54 1015 204 1064 cipias,
234 1026 257 1051 a
284 1010 494 1050 vermibus
531 1014 633 1050 oriri
661 1026 742 1050 nec
768 1011 1020 1064 probatum,
1048 1026 1128 1052 nec
1153 1013 1312 1065 proba·
1355 1024 1357 1026 '

49 1087 148 1128 bile.

612 1189 647 1237 §·
700 1191 739 1231 5.

416 1247 954 1330 Hydacidess

152 1378 267 1418 Mala
314 1377 364 1416 ab
399 1378 681 1433 Hydatidibus
720 1376 872 1416 effecta
916 1378 1126 1419 vermibus
1173 1393 1308 1433 aeque

49 1470 197 1509 parum
226 1453 353 1493 tribui
378 1464 582 1504 possunt,
625 1453 701 1492 sed
736 1456 855 1506 ipsae
891 1454 1010 1494 solae
1045 1458 1308 1497 accusandae

47 1536 235 1582 veniunt.

153 1604 402 1661 Hydatides,
431 1603 770 1656 frequentissime
799 1618 926 1653 vero,
961 1615 1008 1643 ut
1037 1619 1086 1644 ex
1113 1611 1307 1659 autopsia

46 1685 174 1731 novi,
222 1683 475 1718 inanimatae
510 1683 554 1717 in
591 1679 812 1719 hominum
850 1690 934 1718 tam
977 1685 1307 1732 sanissimorum,

48 1770 302 1811 semperque
331 1759 459 1794 animi
486 1756 642 1794 viribus
671 1755 913 1794 felicissime
929 1759 1152 1806 utentium,
1180 1772 1307 1811 quam

49 1837 173 1877 variis
201 1832 360 1871 morbis
388 1831 618 1869 fractorum
644 1830 772 1882 plexu
801 1832 1036 1882 choroideo
1066 1843 1304 1872 occurrunt.

47 1895 248 1950 Morbum
276 1907 534 1961 peculiarem
561 1906 662 1945 inde
691 1906 904 1955 obortum,
931 1907 1000 1945 vel
1024 1918 1304 1961 symptomata

48 1986 279 2026 earundem
315 1986 488 2037 propria
527 1982 751 2020 observare
784 1995 876 2020 non
910 1981 1035 2031 licet,
1080 1997 1161 2022 nec
1205 1984 1303 2023 talia

47 2060 331 2113 supponenda
360 2069 468 2119 sunt,
498 2072 591 2096 cum
620 2057 842 2112 hydatides
871 2060 975 2096 istae
993 2061 1090 2109 piso
1117 2058 1304 2110 plerum-

46 2151 128 2192 que
156 2138 357 2184 minores,
386 2148 601 2187 nunquam
628 2136 808 2185 majores
838 2135 939 2182 sint,
970 2143 1012 2171 et
1037 2133 1182 2184 plexus
1210 2137 1302 2186 ipse

45 2214 348 2252 innumeris'in
377 2210 537 2249 casibus
567 2209 786 2258 alienatus,
812 2208 880 2249 vel
900 2211 1110 2247 varicosus
1131 2208 1198 2248 vel
1225 2210 1300 2262 hy-

46 2289 263 2328 datidosus
299 2297 512 2339 appareat.
566 2287 610 2323 Si
637 2288 682 2325 in
711 2298 808 2323 casu
843 2298 866 2322 a
896 2284 945 2323 cl.
979 2285 1142 2322 Brera
1169 2283 1298 2337 (Bibl.

43 2378 85 2403 ῃ.
116 2365 202 2414 195.
230 2376 335 2401 vers.
363 2376 492 2416 germ.
520 2376 562 2413 p.
594 2367 654 2412 14.
682 2360 787 2399 Tab.
816 2360 909 2410 III.)
939 2369 1165 2407 annotato,
1194 2373 1299 2411 apo-

43 2439 197 2491 plexia,
225 2452 332 2492 quae
361 2439 551 2487 traditur,
579 2437 792 2477 asthenica
820 2450 869 2475 ex
890 2436 1052 2474 cerebri
1069 2437 1171 2474 vitio
1199 2444 1298 2475 nata
