1801 3066
451 173 523 199 112.

600 312 662 363 Ο.
729 315 973 364 Encozoa
1013 319 1208 382 cysciccz
1236 322 1557 385 generatim.

447 435 538 481 387.
567 424 700 467 Phil.
728 427 826 466 Jac.
857 428 1188 466 Hartmanni
1220 429 1318 468 Obs.
1351 432 1526 470 Vermes
1556 433 1717 472 vesicu-

498 504 608 547 lares
646 506 732 544 sive
770 503 1002 558 Hydatides
1040 506 1084 542 in
1125 518 1374 556 caprearum
1414 510 1605 547 omentis.
1668 509 1719 549 In

468 618 469 621 ,
498 578 605 633 Eph.
624 580 718 619 Nat.
744 581 841 619 Cur.
864 581 966 619 Dec.
988 594 1021 619 2.
1043 582 1150 620 Ann.
1171 586 1207 631 4.
1233 595 1273 633 p.
1304 586 1504 637 152-159·
1535 585 1623 639 Fig.
1646 591 1717 630 25-

499 665 562 705 28.
591 658 617 683 ‘9‘
679 656 943 711 Hydatidum
982 660 1257 696 animatarum
1296 662 1530 712 generatim
1565 671 1717 701 sumta-

497 749 592 774 rum
618 744 812 772 naturam
842 733 1072 787 detegendi
1103 737 1399 785 opportunitas
1429 736 1718 775 Hartman·
1746 773 1750 776 ⁴

497 825 565 852 no
593 812 734 862 primo
777 808 929 848 oblata.
987 810 1221 864 Hydatides
1259 825 1432 864 magnas
1473 814 1569 863 (ovi
1599 827 1718 852 anse-

499 889 581 926 rini
616 871 935 938 magnitudine)
992 900 1128 938 aquae
1163 888 1331 938 tepidae
1360 890 1528 927 immisit
1557 900 1599 928 et
1625 898 1718 929 mo*-

500 974 589 1003 tum
628 962 856 1001 earundem
901 962 1223 1003 undulatorium
1259 959 1524 1004 observavit(
1571 965 1718 1005 Fabri-

499 1054 590 1079 cam
630 1052 721 1078 esse
757 1037 1002 1089 simplicem.
1071 1040 1275 1091 Corporis
1312 1052 1479 1092 partem
1514 1045 1715 1091 anticam,

497 1115 572 1156 ubi
610 1125 736 1167 caput
775 1129 869 1153 cum
907 1115 1018 1153 collo
1068 1127 1296 1155 retractum
1341 1118 1614 1157 absconditur
1650 1118 1716 1158 fo-

497 1205 705 1244 veamque
734 1191 957 1244 relinquit,
993 1206 1073 1244 pro
1105 1195 1241 1244 capite
1273 1192 1430 1231 habuit.

451 1274 541 1316 388.
571 1269 719 1306 Idem
748 1267 802 1305 ib.
832 1269 934 1306 Dec.
966 1281 1000 1305 2.
1031 1269 1135 1306 Ann.
1165 1282 1200 1319 7.
1229 1283 1271 1320 p.
1300 1276 1375 1317 58,
1404 1277 1465 1322 59.
1519 1269 1570 1307 In
1597 1284 1720 1323 gran-

499 1343 665 1383 dinibus
694 1343 820 1381 suiHis
855 1357 1064 1390 vermem,
1099 1343 1413 1395 Malpighio
1445 1346 1506 1394 (n.
1536 1350 1627 1397 55.)
1657 1356 1717 1384 ta-

498 1432 598 1457 rnen
635 1421 752 1470 prius
795 1417 972 1456 forsitan
1010 1421 1167 1469 visum,
1224 1421 1413 1472 agnovit;
1468 1418 1585 1458 fflum
1627 1434 1717 1460 esse

497 1493 689 1533 folliculi.
744 1495 940 1533 Eundem
968 1497 1012 1533 in
1038 1495 1198 1547 leporis
1227 1494 1510 1544 hydatidibus.
1565 1496 1614 1534 In
1632 1500 1716 1549 pis-

500 1570 614 1609 cibus
643 1569 861 1622 pluribus,
900 1572 1063 1619 Percis,
1110 1570 1369 1625 Erythrinis,
1408 1572 1573 1620 Luciis,
1615 1575 1717 1612 Car-

496 1644 697 1698 pionibus
730 1656 807 1684 etc.
837 1659 916 1697 per
947 1644 1101 1698 hepar,
1145 1646 1449 1695 ventriculum,
1491 1648 1713 1698 intestina,

499 1735 667 1761 carnem
732 1733 809 1760 etc.
867 1722 1105 1761 istiusmodi
1159 1721 1373 1761 folliculos
1444 1724 1713 1764 candicantes

500 1798 818 1847 animadvertit,
876 1812 899 1836 e
937 1798 1086 1852 quibus
1123 1797 1337 1837 filamenta
1366 1800 1547 1838 educere
1574 1804 1716 1852 potuit

498 1873 631 1928 longa
659 1876 779 1912 serie.
851 1872 1005 1914 Omnia
1034 1875 1239 1929 ejusmodi
1270 1876 1443 1929 glandia
1469 1876 1593 1915 nidos
1624 1888 1714 1917 esse

498 1950 827 1996 vermiculorum
855 1954 1098 2004 suspicatur.
1614 1938 1620 1939 ⁷

584 2028 717 2066 Muris
749 2029 1036 2082 Cysticercum
1065 2041 1239 2082 quoque
1266 2032 1400 2079 novit,
1429 2027 1538 2069 conf.
1567 2033 1712 2081 ulfolf.

447 2111 537 2157 389.
565 2103 813 2143 Lumbricus
842 2101 1126 2157 hydropicus;
1178 2119 1228 2143 or
1264 2119 1318 2144 an
1347 2119 1464 2159 essay
1504 2116 1546 2144 to
1575 2119 1711 2157 prove

499 2178 590 2219 that
617 2178 837 2235 hydatides
867 2180 986 2220 often
1022 2191 1109 2220 met
1135 2179 1237 2221 with
1272 2185 1316 2220 in
1352 2180 1522 2221 morbid
1547 2183 1712 2222 Animal

501 2257 674 2306 bodies,
723 2269 795 2295 are
825 2269 849 2294 a
886 2260 1045 2308 species
1081 2258 1129 2297 of
1153 2260 1348 2306 Worms,
1396 2272 1445 2297 or
1483 2258 1727 2310 Imperfect»

501 2333 699 2373 Animals.
776 2333 841 2387 By
881 2332 1121 2373 Edw‘ard
1167 2335 1363 2388 Tyson.
1437 2333 1507 2372 In:
1557 2332 1710 2377 Phssos.

499 2412 714 2450 Transact.
745 2423 785 2447 n.
819 2418 902 2462 193.
931 2424 974 2462 p.
1005 2411 1216 2454 506-510.
1248 2411 1273 2435 ³<
1326 2411 1514 2462 (adJecta
1541 2410 1709 2457 tabula,

503 2500 615 2542 quae
651 2489 696 2528 in
733 2496 906 2529 nostrae
945 2485 1120 2539 quidem
1153 2485 1441 2529 Bibliothecae
1480 2486 1710 2538 exemplari

1551 2564 1708 2615 deest.)
