<?xml version="1.0" encoding="UTF-8"?>
<!DOCTYPE html PUBLIC "-//W3C//DTD XHTML 1.0 Transitional//EN"
    "http://www.w3.org/TR/xhtml1/DTD/xhtml1-transitional.dtd">
<html xmlns="http://www.w3.org/1999/xhtml" xml:lang="en" lang="en">
 <head>
  <title>
</title>
<meta http-equiv="Content-Type" content="text/html;charset=utf-8" />
  <meta name='ocr-system' content='tesseract 3.04.00' />
  <meta name='ocr-capabilities' content='ocr_page ocr_carea ocr_par ocr_line ocrx_word'/>
</head>
<body>
  <div class='ocr_page' id='page_1' title='image "./entozoorumsiveve11808rudo_0018.png"; bbox 0 0 1801 3066; ppageno 0'>
   <div class='ocr_carea' id='block_1_1' title="bbox 430 197 515 227">
    <p class='ocr_par' dir='ltr' id='par_1_1' title="bbox 430 197 515 227">
     <span class='ocr_line' id='line_1_1' title="bbox 430 197 515 227; baseline 0 0"><span class='ocrx_word' id='word_1_1' title='bbox 430 197 515 227; x_wconf 81' lang='lat' dir='ltr'><strong>XIV</strong></span> 
     </span>
    </p>
   </div>
   <div class='ocr_carea' id='block_1_2' title="bbox 404 292 1701 2355">
    <p class='ocr_par' dir='ltr' id='par_1_2' title="bbox 404 292 1698 560">
     <span class='ocr_line' id='line_1_2' title="bbox 433 292 1698 363; baseline 0.006 -24"><span class='ocrx_word' id='word_1_2' title='bbox 433 314 579 357; x_wconf 79' lang='lat' dir='ltr'><strong>ones,</strong></span> <span class='ocrx_word' id='word_1_3' title='bbox 638 292 936 340; x_wconf 84' lang='lat' dir='ltr'><strong>animalium</strong></span> <span class='ocrx_word' id='word_1_4' title='bbox 988 305 1041 341; x_wconf 80' lang='lat' dir='ltr'><strong>et</strong></span> <span class='ocrx_word' id='word_1_5' title='bbox 1085 293 1343 356; x_wconf 86' lang='lat' dir='ltr'><strong>locorum,</strong></span> <span class='ocrx_word' id='word_1_6' title='bbox 1401 298 1457 343; x_wconf 88' lang='lat' dir='ltr'><strong>in</strong></span> <span class='ocrx_word' id='word_1_7' title='bbox 1512 298 1698 363; x_wconf 77' lang='lat' dir='ltr'><strong>quibus</strong></span> 
     </span>
     <span class='ocr_line' id='line_1_3' title="bbox 404 379 1698 467; baseline 0 -21"><span class='ocrx_word' id='word_1_8' title='bbox 404 395 689 467; x_wconf 71' lang='lat' dir='ltr'><strong>quaelibet</strong></span> <span class='ocrx_word' id='word_1_9' title='bbox 724 397 958 459; x_wconf 70' lang='lat' dir='ltr'><strong>repertae</strong></span> <span class='ocrx_word' id='word_1_10' title='bbox 992 396 1104 465; x_wconf 77' lang='lat' dir='ltr'><strong>sint,</strong></span> <span class='ocrx_word' id='word_1_11' title='bbox 1143 394 1447 461; x_wconf 81' lang='lat' dir='ltr'>catalogum,</span> <span class='ocrx_word' id='word_1_12' title='bbox 1479 409 1536 444; x_wconf 65' lang='lat' dir='ltr'><strong>&#39;et</strong></span> <span class='ocrx_word' id='word_1_13' title='bbox 1569 379 1698 446; x_wconf 67' lang='lat' dir='ltr'><strong>iiidi-</strong></span> 
     </span>
     <span class='ocr_line' id='line_1_4' title="bbox 433 485 1191 560; baseline -0.009 -12"><span class='ocrx_word' id='word_1_14' title='bbox 433 515 516 548; x_wconf 88' lang='lat' dir='ltr'><strong>ces</strong></span> <span class='ocrx_word' id='word_1_15' title='bbox 549 494 976 560; x_wconf 85' lang='lat' dir='ltr'><strong>locupletissimos</strong></span> <span class='ocrx_word' id='word_1_16' title='bbox 1011 485 1191 541; x_wconf 69' lang='lat' dir='ltr'><strong>tradet.</strong></span> 
     </span>
    </p>

    <p class='ocr_par' dir='ltr' id='par_1_3' title="bbox 420 593 1701 1445">
     <span class='ocr_line' id='line_1_5' title="bbox 559 593 1697 661; baseline 0.001 -18"><span class='ocrx_word' id='word_1_17' title='bbox 559 600 661 644; x_wconf 86' lang='lat' dir='ltr'><strong>Cur</strong></span> <span class='ocrx_word' id='word_1_18' title='bbox 692 594 867 659; x_wconf 76' lang='lat' dir='ltr'><strong>lingua</strong></span> <span class='ocrx_word' id='word_1_19' title='bbox 899 593 1056 641; x_wconf 82' lang='lat' dir='ltr'><strong>latina</strong></span> <span class='ocrx_word' id='word_1_20' title='bbox 1091 597 1266 660; x_wconf 67' lang='lat' dir='ltr'><strong>&#39;potius</strong></span> <span class='ocrx_word' id='word_1_21' title='bbox 1315 610 1469 661; x_wconf 84' lang='lat' dir='ltr'><strong>quam</strong></span> <span class='ocrx_word' id='word_1_22' title='bbox 1502 611 1697 661; x_wconf 82' lang='lat' dir='ltr'><strong>germa-</strong></span> 
     </span>
     <span class='ocr_line' id='line_1_6' title="bbox 430 688 1701 759; baseline -0.004 -11"><span class='ocrx_word' id='word_1_23' title='bbox 430 702 546 748; x_wconf 87' lang='lat' dir='ltr'><strong>nica</strong></span> <span class='ocrx_word' id='word_1_24' title='bbox 579 712 694 742; x_wconf 83' lang='lat' dir='ltr'><strong>usus</strong></span> <span class='ocrx_word' id='word_1_25' title='bbox 721 696 828 752; x_wconf 87' lang='lat' dir='ltr'><strong>sim,</strong></span> <span class='ocrx_word' id='word_1_26' title='bbox 866 710 1019 759; x_wconf 87' lang='lat' dir='ltr'><strong>supra</strong></span> <span class='ocrx_word' id='word_1_27' title='bbox 1044 695 1281 755; x_wconf 83' lang='lat' dir='ltr'><strong>indicavi,</strong></span> <span class='ocrx_word' id='word_1_28' title='bbox 1317 699 1359 743; x_wconf 87' lang='lat' dir='ltr'><strong>si</strong></span> <span class='ocrx_word' id='word_1_29' title='bbox 1395 708 1564 745; x_wconf 84' lang='lat' dir='ltr'><strong>autem</strong></span> <span class='ocrx_word' id='word_1_30' title='bbox 1586 688 1701 743; x_wconf 77' lang='lat' dir='ltr'><strong>ver-</strong></span> 
     </span>
     <span class='ocr_line' id='line_1_7' title="bbox 428 793 1692 861; baseline -0.004 -14"><span class='ocrx_word' id='word_1_31' title='bbox 428 800 582 848; x_wconf 84' lang='lat' dir='ltr'><strong>sionis</strong></span> <span class='ocrx_word' id='word_1_32' title='bbox 619 797 942 861; x_wconf 73' lang='lat' dir='ltr'>germanicae</span> <span class='ocrx_word' id='word_1_33' title='bbox 978 793 1289 841; x_wconf 87' lang='lat' dir='ltr'><strong>desiderium</strong></span> <span class='ocrx_word' id='word_1_34' title='bbox 1317 797 1546 855; x_wconf 83' lang='lat' dir='ltr'><strong>oriretur,</strong></span> <span class='ocrx_word' id='word_1_35' title='bbox 1582 797 1692 859; x_wconf 85' lang='lat' dir='ltr'><strong>ipse</strong></span> 
     </span>
     <span class='ocr_line' id='line_1_8' title="bbox 426 894 1691 960; baseline -0.004 -15"><span class='ocrx_word' id='word_1_36' title='bbox 426 899 563 945; x_wconf 86' lang='lat' dir='ltr'><strong>hanc</strong></span> <span class='ocrx_word' id='word_1_37' title='bbox 599 894 807 955; x_wconf 85' lang='lat' dir='ltr'><strong>curabo,</strong></span> <span class='ocrx_word' id='word_1_38' title='bbox 846 906 898 941; x_wconf 90' lang='lat' dir='ltr'><strong>et</strong></span> <span class='ocrx_word' id='word_1_39' title='bbox 924 910 1057 960; x_wconf 84' lang='lat' dir='ltr'><strong>quae</strong></span> <span class='ocrx_word' id='word_1_40' title='bbox 1077 911 1214 941; x_wconf 86' lang='lat' dir='ltr'><strong>nova</strong></span> <span class='ocrx_word' id='word_1_41' title='bbox 1238 896 1504 959; x_wconf 79' lang='lat' dir='ltr'><strong>reperiam,</strong></span> <span class='ocrx_word' id='word_1_42' title='bbox 1543 896 1592 942; x_wconf 89' lang='lat' dir='ltr'><strong>ei</strong></span> <span class='ocrx_word' id='word_1_43' title='bbox 1615 897 1691 941; x_wconf 87' lang='lat' dir='ltr'><strong>in-</strong></span> 
     </span>
     <span class='ocr_line' id='line_1_9' title="bbox 423 993 1690 1059; baseline -0.004 -13"><span class='ocrx_word' id='word_1_44' title='bbox 423 1014 601 1046; x_wconf 82' lang='lat' dir='ltr'><strong>seram.</strong></span> <span class='ocrx_word' id='word_1_45' title='bbox 668 995 1025 1058; x_wconf 85' lang='lat' dir='ltr'><strong>Perspicuitati</strong></span> <span class='ocrx_word' id='word_1_46' title='bbox 1048 996 1277 1059; x_wconf 79' lang='lat' dir='ltr'>inprimis</span> <span class='ocrx_word' id='word_1_47' title='bbox 1300 993 1486 1053; x_wconf 88' lang='lat' dir='ltr'><strong>studui,</strong></span> <span class='ocrx_word' id='word_1_48' title='bbox 1516 993 1690 1041; x_wconf 82' lang='lat' dir='ltr'><strong>rebus-</strong></span> 
     </span>
     <span class='ocr_line' id='line_1_10' title="bbox 426 1095 1686 1163; baseline -0.002 -19"><span class='ocrx_word' id='word_1_49' title='bbox 426 1112 527 1163; x_wconf 86' lang='lat' dir='ltr'><strong>que</strong></span> <span class='ocrx_word' id='word_1_50' title='bbox 575 1097 694 1160; x_wconf 85' lang='lat' dir='ltr'><strong>ipsis</strong></span> <span class='ocrx_word' id='word_1_51' title='bbox 746 1106 1025 1158; x_wconf 85' lang='lat' dir='ltr'><strong>occupatus</strong></span> <span class='ocrx_word' id='word_1_52' title='bbox 1084 1097 1371 1141; x_wconf 86' lang='lat' dir='ltr'><strong>orationem</strong></span> <span class='ocrx_word' id='word_1_53' title='bbox 1428 1095 1513 1141; x_wconf 81' lang='lat' dir='ltr'><strong>vix</strong></span> <span class='ocrx_word' id='word_1_54' title='bbox 1568 1096 1686 1141; x_wconf 86' lang='lat' dir='ltr'><strong>satis</strong></span> 
     </span>
     <span class='ocr_line' id='line_1_11' title="bbox 420 1192 1684 1259; baseline -0.003 -16"><span class='ocrx_word' id='word_1_55' title='bbox 420 1196 656 1252; x_wconf 82' lang='lat' dir='ltr'><strong>formavi3</strong></span> <span class='ocrx_word' id='word_1_56' title='bbox 724 1193 939 1241; x_wconf 85' lang='lat' dir='ltr'><strong>lectores</strong></span> <span class='ocrx_word' id='word_1_57' title='bbox 1006 1211 1126 1259; x_wconf 79' lang='lat' dir='ltr'><strong>ergo</strong></span> <span class='ocrx_word' id='word_1_58' title='bbox 1196 1192 1322 1256; x_wconf 83' lang='lat' dir='ltr'><strong>stylo</strong></span> <span class='ocrx_word' id='word_1_59' title='bbox 1391 1195 1684 1258; x_wconf 83' lang='lat' dir='ltr'>ignoscant,</span> 
     </span>
     <span class='ocr_line' id='line_1_12' title="bbox 423 1293 1685 1359; baseline -0.003 -16"><span class='ocrx_word' id='word_1_60' title='bbox 423 1296 557 1343; x_wconf 85' lang='lat' dir='ltr'><strong>hanc</strong></span> <span class='ocrx_word' id='word_1_61' title='bbox 600 1296 738 1342; x_wconf 86' lang='lat' dir='ltr'><strong>enim</strong></span> <span class='ocrx_word' id='word_1_62' title='bbox 781 1298 983 1342; x_wconf 86' lang='lat' dir='ltr'><strong>veniam</strong></span> <span class='ocrx_word' id='word_1_63' title='bbox 1029 1293 1204 1342; x_wconf 84' lang='lat' dir='ltr'><strong>damus</strong></span> <span class='ocrx_word' id='word_1_64' title='bbox 1243 1295 1570 1359; x_wconf 80' lang='lat' dir='ltr'><strong>petimusque</strong></span> <span class='ocrx_word' id='word_1_65' title='bbox 1611 1295 1685 1340; x_wconf 80' lang='lat' dir='ltr'><strong>vi·</strong></span> 
     </span>
     <span class='ocr_line' id='line_1_13' title="bbox 421 1399 605 1445; baseline -0.011 0"><span class='ocrx_word' id='word_1_66' title='bbox 421 1399 605 1445; x_wconf 75' lang='lat' dir='ltr'><strong>Cissim.</strong></span> 
     </span>
    </p>

    <p class='ocr_par' dir='ltr' id='par_1_4' title="bbox 404 1476 1685 2355">
     <span class='ocr_line' id='line_1_14' title="bbox 542 1476 1685 1553; baseline -0.004 -11"><span class='ocrx_word' id='word_1_67' title='bbox 542 1498 725 1542; x_wconf 91' lang='lat' dir='ltr'><strong>Icones</strong></span> <span class='ocrx_word' id='word_1_68' title='bbox 760 1492 881 1540; x_wconf 87' lang='lat' dir='ltr'><strong>huic</strong></span> <span class='ocrx_word' id='word_1_69' title='bbox 913 1494 1162 1540; x_wconf 83' lang='lat' dir='ltr'><strong>volumini</strong></span> <span class='ocrx_word' id='word_1_70' title='bbox 1198 1476 1421 1553; x_wconf 86' lang='lat' dir='ltr'><strong>adjectas</strong></span> <span class='ocrx_word' id='word_1_71' title='bbox 1465 1495 1548 1552; x_wconf 85' lang='lat' dir='ltr'><strong>(in</strong></span> <span class='ocrx_word' id='word_1_72' title='bbox 1582 1491 1685 1538; x_wconf 86' lang='lat' dir='ltr'><strong>hoc</strong></span> 
     </span>
     <span class='ocr_line' id='line_1_15' title="bbox 419 1569 1681 1655; baseline -0.005 -13"><span class='ocrx_word' id='word_1_73' title='bbox 419 1596 554 1642; x_wconf 87' lang='lat' dir='ltr'><strong>enim</strong></span> <span class='ocrx_word' id='word_1_74' title='bbox 606 1604 655 1639; x_wconf 90' lang='lat' dir='ltr'><strong>et</strong></span> <span class='ocrx_word' id='word_1_75' title='bbox 695 1593 970 1655; x_wconf 85' lang='lat' dir='ltr'><strong>insequens</strong></span> <span class='ocrx_word' id='word_1_76' title='bbox 1023 1569 1326 1636; x_wconf 73' lang='lat' dir='ltr'><strong>distribuere</strong></span> <span class='ocrx_word' id='word_1_77' title='bbox 1359 1589 1681 1654; x_wconf 88' lang='lat' dir='ltr'><strong>Bibliopolae</strong></span> 
     </span>
     <span class='ocr_line' id='line_1_16' title="bbox 416 1673 1678 1756; baseline -0.004 -16"><span class='ocrx_word' id='word_1_78' title='bbox 416 1694 603 1751; x_wconf 81' lang='lat' dir='ltr'><strong>arrisit,</strong></span> <span class='ocrx_word' id='word_1_79' title='bbox 663 1706 789 1756; x_wconf 83' lang='lat' dir='ltr'><strong>quas</strong></span> <span class='ocrx_word' id='word_1_80' title='bbox 841 1706 1019 1737; x_wconf 89' lang='lat' dir='ltr'><strong>omnes</strong></span> <span class='ocrx_word' id='word_1_81' title='bbox 1074 1688 1219 1735; x_wconf 82' lang='lat' dir='ltr'><strong>alteri</strong></span> <span class='ocrx_word' id='word_1_82' title='bbox 1270 1687 1465 1736; x_wconf 83' lang='lat' dir='ltr'><strong>addere</strong></span> <span class='ocrx_word' id='word_1_83' title='bbox 1517 1673 1678 1736; x_wconf 80' lang='lat' dir='ltr'><strong>visum</strong></span> 
     </span>
     <span class='ocr_line' id='line_1_17' title="bbox 414 1786 1674 1856; baseline -0.003 -16"><span class='ocrx_word' id='word_1_84' title='bbox 414 1794 572 1856; x_wconf 88' lang='lat' dir='ltr'><strong>erat),</strong></span> <span class='ocrx_word' id='word_1_85' title='bbox 627 1788 693 1836; x_wconf 82' lang='lat' dir='ltr'><strong>ad.</strong></span> <span class='ocrx_word' id='word_1_86' title='bbox 739 1801 973 1835; x_wconf 85' lang='lat' dir='ltr'><strong>naturam</strong></span> <span class='ocrx_word' id='word_1_87' title='bbox 1017 1786 1309 1847; x_wconf 82' lang='lat' dir='ltr'><strong>delineatas‚</strong></span> <span class='ocrx_word' id='word_1_88' title='bbox 1365 1789 1674 1837; x_wconf 85' lang='lat' dir='ltr'><strong>amicissimo</strong></span> 
     </span>
     <span class='ocr_line' id='line_1_18' title="bbox 411 1884 1675 1953; baseline -0.004 -13"><span class='ocrx_word' id='word_1_89' title='bbox 411 1889 700 1953; x_wconf 78' lang='lat' dir='ltr'><strong>Gutjahr‚</strong></span> <span class='ocrx_word' id='word_1_90' title='bbox 753 1888 880 1937; x_wconf 83' lang='lat' dir='ltr'><strong>Juris</strong></span> <span class='ocrx_word' id='word_1_91' title='bbox 923 1889 1186 1952; x_wconf 82' lang='lat' dir='ltr'><strong>utriusque</strong></span> <span class='ocrx_word' id='word_1_92' title='bbox 1238 1889 1292 1932; x_wconf 86' lang='grc'><strong>111</strong></span> <span class='ocrx_word' id='word_1_93' title='bbox 1333 1884 1675 1935; x_wconf 84' lang='lat' dir='ltr'><strong>Universitate</strong></span> 
     </span>
     <span class='ocr_line' id='line_1_19' title="bbox 408 1976 1674 2049; baseline -0.004 -10"><span class='ocrx_word' id='word_1_94' title='bbox 408 2003 578 2049; x_wconf 77' lang='lat' dir='ltr'><strong>nostra</strong></span> <span class='ocrx_word' id='word_1_95' title='bbox 609 1988 851 2034; x_wconf 85' lang='lat' dir='ltr'><strong>litteraria</strong></span> <span class='ocrx_word' id='word_1_96' title='bbox 884 1984 1167 2033; x_wconf 82' lang='lat' dir='ltr'><strong>Professori</strong></span> <span class='ocrx_word' id='word_1_97' title='bbox 1195 1976 1546 2045; x_wconf 79' lang='lat' dir='ltr'><strong>celeberrimo,</strong></span> <span class='ocrx_word' id='word_1_98' title='bbox 1585 1986 1674 2034; x_wconf 86' lang='lat' dir='ltr'><strong>de-</strong></span> 
     </span>
     <span class='ocr_line' id='line_1_20' title="bbox 406 2084 1669 2152; baseline -0.006 -13"><span class='ocrx_word' id='word_1_99' title='bbox 406 2091 524 2152; x_wconf 86' lang='lat' dir='ltr'><strong>beo,</strong></span> <span class='ocrx_word' id='word_1_100' title='bbox 562 2088 769 2136; x_wconf 86' lang='lat' dir='ltr'><strong>easdem</strong></span> <span class='ocrx_word' id='word_1_101' title='bbox 804 2084 867 2133; x_wconf 80' lang='lat' dir='ltr'><strong>ab</strong></span> <span class='ocrx_word' id='word_1_102' title='bbox 898 2085 1086 2134; x_wconf 83' lang='lat' dir='ltr'><strong>artifice</strong></span> <span class='ocrx_word' id='word_1_103' title='bbox 1122 2088 1328 2150; x_wconf 76' lang='lat' dir='ltr'><strong>egregio</strong></span> <span class='ocrx_word' id='word_1_104' title='bbox 1364 2085 1498 2132; x_wconf 87' lang='lat' dir='ltr'><strong>bene</strong></span> <span class='ocrx_word' id='word_1_105' title='bbox 1518 2101 1669 2132; x_wconf 83' lang='lat' dir='ltr'><strong>excu-</strong></span> 
     </span>
     <span class='ocr_line' id='line_1_21' title="bbox 405 2183 1665 2251; baseline -0.004 -13"><span class='ocrx_word' id='word_1_106' title='bbox 405 2208 482 2238; x_wconf 87' lang='lat' dir='ltr'><strong>sas</strong></span> <span class='ocrx_word' id='word_1_107' title='bbox 516 2184 643 2247; x_wconf 85' lang='lat' dir='ltr'><strong>fore,</strong></span> <span class='ocrx_word' id='word_1_108' title='bbox 688 2203 751 2234; x_wconf 81' lang='lat' dir='ltr'><strong>ex</strong></span> <span class='ocrx_word' id='word_1_109' title='bbox 796 2185 1075 2251; x_wconf 84' lang='lat' dir='ltr'><strong>specimine</strong></span> <span class='ocrx_word' id='word_1_110' title='bbox 1108 2186 1214 2232; x_wconf 87' lang='lat' dir='ltr'><strong>viso</strong></span> <span class='ocrx_word' id='word_1_111' title='bbox 1253 2183 1494 2249; x_wconf 80' lang='lat' dir='ltr'><strong>colligere</strong></span> <span class='ocrx_word' id='word_1_112' title='bbox 1529 2183 1665 2233; x_wconf 81' lang='lat' dir='ltr'><strong>licet.</strong></span> 
     </span>
     <span class='ocr_line' id='line_1_22' title="bbox 404 2262 1666 2355; baseline -0.008 -16"><span class='ocrx_word' id='word_1_113' title='bbox 404 2291 611 2355; x_wconf 86' lang='lat' dir='ltr'><strong>Species</strong></span> <span class='ocrx_word' id='word_1_114' title='bbox 665 2297 892 2334; x_wconf 86' lang='lat' dir='ltr'><strong>ceterum</strong></span> <span class='ocrx_word' id='word_1_115' title='bbox 938 2284 1210 2351; x_wconf 81' lang='lat' dir='ltr'><strong>plurimam</strong></span> <span class='ocrx_word' id='word_1_116' title='bbox 1258 2262 1457 2349; x_wconf 81' lang='lat' dir='ltr'><strong>partem</strong></span> <span class='ocrx_word' id='word_1_117' title='bbox 1508 2295 1666 2329; x_wconf 80' lang='lat' dir='ltr'><strong>novas</strong></span> 
     </span>
    </p>
   </div>
   <div class='ocr_carea' id='block_1_3' title="bbox 405 2380 1663 2451">
    <p class='ocr_par' dir='ltr' id='par_1_5' title="bbox 405 2380 1663 2451">
     <span class='ocr_line' id='line_1_23' title="bbox 405 2380 1663 2451; baseline -0.005 -14"><span class='ocrx_word' id='word_1_118' title='bbox 405 2402 491 2436; x_wconf 87' lang='lat' dir='ltr'><strong>aut</strong></span> <span class='ocrx_word' id='word_1_119' title='bbox 523 2387 756 2436; x_wconf 83' lang='lat' dir='ltr'><strong>nondum</strong></span> <span class='ocrx_word' id='word_1_120' title='bbox 791 2382 1018 2451; x_wconf 82' lang='lat' dir='ltr'><strong>depictas</strong></span> <span class='ocrx_word' id='word_1_121' title='bbox 1064 2388 1255 2444; x_wconf 84' lang='lat' dir='ltr'><strong>sistunt,</strong></span> <span class='ocrx_word' id='word_1_122' title='bbox 1303 2395 1353 2432; x_wconf 87' lang='lat' dir='ltr'><strong>et</strong></span> <span class='ocrx_word' id='word_1_123' title='bbox 1394 2380 1663 2448; x_wconf 74' lang='lat' dir='ltr'><strong>generibus</strong></span> 
     </span>
    </p>
   </div>
   <div class='ocr_carea' id='block_1_4' title="bbox 403 2486 1034 2537">
    <p class='ocr_par' dir='ltr' id='par_1_6' title="bbox 403 2486 1034 2537">
     <span class='ocr_line' id='line_1_24' title="bbox 403 2486 1034 2537; baseline -0.003 -1"><span class='ocrx_word' id='word_1_124' title='bbox 403 2487 709 2537; x_wconf 83' lang='lat' dir='ltr'><strong>illustrandis</strong></span> <span class='ocrx_word' id='word_1_125' title='bbox 742 2486 1034 2536; x_wconf 81' lang='lat' dir='ltr'><strong>inserviunt.</strong></span> 
     </span>
    </p>
   </div>
  </div>
 </body>
</html>
