1801 3066
1275 209 1347 248 1⁷9

82 308 233 335 attactu
274 296 396 334 facile
432 294 495 353 vel
530 294 788 336 moriuntur,
826 291 893 327 vel
929 295 1136 343 rigescunt
1166 305 1237 333 aut
1266 296 1346 334 dis-

75 382 289 424 rumpunt.
363 370 454 408 Hoc
497 368 550 406 de
592 365 816 404 vermibus
857 366 1055 405 teretibus
1097 374 1345 420 praesertim

75 449 198 495 velat,
241 457 418 500 quorum
460 445 686 481 teneriores
736 442 930 481 nonnulli
983 445 1126 482 aerem
1174 449 1345 487 minime

74 525 225 570 ferunt,
255 535 350 561 cum
372 520 558 572 partibus
582 532 697 573 ergO,
727 519 873 572 quibus
901 521 1057 566 insunt,
1086 533 1182 557 mox
1213 535 1345 573 aquae

76 598 279 638 tradendi.
336 597 426 634 Hac
456 607 618 642 autern,
648 608 727 646 pro
759 595 971 642 animalis,
1001 598 1045 634 in
1074 608 1160 648 quo
1189 600 1346 647 reperti

73 678 178 722 sint,
218 674 365 714 caloris
395 673 527 727 gradu
554 671 757 716 naturali,
795 670 859 710 vel
888 671 1047 718 calida,
1091 672 1158 710 vel
1187 674 1346 724 tepida,

71 750 136 789 vel
177 751 330 805 frigida
373 752 512 788 utaris.
598 748 858 786 Calidiorem
898 751 1144 799 paucissimi
1186 749 1346 796 ferunt,

72 828 145 866 sed
172 831 217 865 in
247 814 393 864 eadern
424 827 627 862 contracti
655 823 721 862 vel
761 827 930 876 crispati
968 827 1052 862 cito
1090 827 1347 870 moriuntur:

73 903 268 942 omnibus
297 906 522 956 generatim
554 912 594 939 et
623 901 905 939 mammalium
945 912 984 939 et
1023 904 1161 939 avium
1199 904 1346 940 vermi-

70 978 148 1018 bus
179 980 326 1031 tepida
354 980 562 1022 convenit,
592 979 842 1029 praesertim
880 980 914 1015 si
941 989 1192 1022 renovatur;
1232 978 1346 1031 frigi-

68 1056 149 1094 dae
179 1059 291 1095 em'm
320 1057 353 1094 si
379 1056 644 1103 injiciuntur,
681 1053 748 1092 vel
775 1054 1063 1107 disrumpunt,
1101 1054 1168 1093 vel
1195 1054 1345 1094 saltem

71 1134 275 1171 contracti
315 1135 545 1186 rigescunt,
594 1133 764 1183 citoque
805 1139 946 1169 motus
996 1139 1183 1182 expertes
1227 1131 1347 1170 fiunt.

69 1209 155 1246 Sub
185 1219 340 1247 aestate
369 1208 540 1261 quidem
567 1206 762 1260 frigidam
790 1205 952 1244 facilius
982 1207 1126 1245 ferunt
1170 1216 1212 1245 et
1240 1209 1273 1245 si
1300 1214 1345 1246 'm

69 1288 216 1335 eadem
250 1298 339 1322 non
378 1294 620 1328 moventur,
659 1283 819 1321 idcirco
857 1294 946 1319 non
981 1295 1150 1333 semper
1185 1286 1344 1321 mortui

69 1370 185 1403 sunt,
230 1360 303 1396 sed
346 1360 490 1410 tepida
529 1357 685 1403 affusa,
728 1370 853 1407 saepe
891 1358 1152 1395 velocissime
1189 1360 1344 1396 iterum

71 1439 292 1488 agitantur.
320 1433 595 1474 Ascaridem
611 1436 692 1471 suis
709 1431 1051 1470 lumbricoidem
1070 1433 1179 1471 ,Iulio
1197 1448 1344 1473 mense

66 1525 143 1563 per
171 1510 473 1562 nycthemeron
502 1510 680 1561 frigidae
707 1510 934 1546 immissam
974 1518 1015 1546 et
1051 1519 1190 1548 motus
1220 1524 1343 1562 pror-

66 1601 134 1625 sus
179 1595 389 1636 expertem
435 1585 640 1631 dissecui,
685 1584 762 1622 sub
800 1586 987 1621 sectione
1028 1594 1168 1621 autem
1205 1588 1343 1624 vivam

67 1664 278 1714 comperi.
321 1674 401 1698 nec
428 1662 581 1697 vermis
610 1669 773 1697 tantum
800 1660 1062 1706 movebatur,
1093 1659 1165 1699 sed
1196 1661 1343 1700 ovidu-

67 1750 210 1778 ctuum
241 1741 365 1777 etiam
396 1736 632 1788 elapsorum
663 1746 800 1774 motus
827 1736 915 1775 vidi
953 1738 1050 1774 satis
1088 1737 1162 1775 diu
1198 1751 1344 1789 super-

66 1817 195 1852 stites.
258 1814 447 1851 Entozoa
483 1816 527 1852 in
562 1812 796 1864 Amphibiis
835 1821 877 1852 et
913 1812 1098 1851 Piscibus
1138 1812 1263 1852 obvia
1298 1817 1342 1854 in

65 1890 217 1943 frigida
244 1893 364 1928 vitam
393 1889 536 1942 plures
565 1902 641 1939 per
669 1889 756 1927 dies
785 1889 965 1942 degunt,
1004 1901 1084 1927 nec
1122 1890 1264 1941 tepida
1290 1893 1340 1929 iis

66 1980 173 2018 opus
213 1976 285 2004 est.
348 1967 459 2005 Cave
494 1974 654 2011 autern,
693 1978 749 2002 ne
788 1965 863 2002 sub
903 1974 1059 2003 aestate
1097 1966 1341 2004 animalium

65 2043 339 2082 dissectorum
377 2054 514 2095 partes
555 2056 650 2080 cum
689 2041 895 2079 vermibus
937 2042 1087 2080 eadem
1124 2045 1168 2081 in
1195 2041 1341 2095 patina

55 2126 200 2158 'serves
209 2149 223 2167 ,
252 2120 317 2158 vel
346 2120 422 2158 hos
453 2120 606 2158 diutius
638 2117 775 2156 eidem
805 2131 941 2171 aquae
969 2121 1186 2165 immittas,
1215 2119 1341 2157 facile

2 2220 10 2226 »
66 2198 173 2234 enim
200 2196 426 2247 putredine
465 2204 817 2246 corrumpuntur,
853 2203 1029 2234 mucore
1071 2195 1339 2248 obteguntur,

66 2270 131 2309 vel
156 2282 363 2310 macerata
391 2271 601 2310 diffluunt.

143 2347 333 2385 Entozoa
359 2349 426 2386 vel
453 2358 544 2386 tota
571 2348 635 2387 vel
663 2348 809 2402 quoad
836 2357 977 2400 partes
998 2361 1034 2384 v.
1059 2360 1091 2386 c.
1114 2336 1339 2398 probosdi-

65 2424 184 2470 dem,
222 2433 368 2474 caput,
408 2407 652 2471 lemniscos,
696 2438 821 2477 saepe
849 2437 976 2462 muco
1009 2433 1231 2475 tantopere
1263 2423 1339 2461 ob-

60 2509 189 2546 tecta,
220 2508 265 2536 ut
297 2498 348 2537 ab
380 2500 531 2538 eodem
557 2501 745 2552 penicilli
774 2515 861 2553 ope
887 2500 964 2539 sub
987 2512 1099 2551 aqua
1120 2498 1338 2537 liberanda

701 2578 748 2615 M
779 2590 802 2614 3
