1801 3066
498 188 579 238 ,462

500 304 674 346 dolores
704 305 815 360 ciere
841 311 995 353 posse,
1043 306 1131 334 non
1159 298 1421 349 negaverim,
1457 299 1667 343 rarissime
1697 314 1770 339 au—

499 390 585 420 tem
614 390 729 419 certe
756 378 838 417 hoc
865 375 1008 414 locum
1028 370 1212 419 habebit,
1242 386 1337 410 cum
1357 372 1546 422 eaedem,
1575 383 1624 413 ut
1642 389 1769 427 supra

497 458 660 506 monui,
688 456 906 508 nunquam
934 450 1140 488 intestinis
1158 478 1160 481 f
1178 445 1458 487 adhaerentes
1487 451 1769 490 inveniantur.

495 535 585 573 Nos
615 533 741 571 etiam
780 531 832 570 de
871 524 1096 567 doloribus
1135 525 1224 563 istis
1264 526 1513 563 verminosis
1549 539 1769 579 nunquam

463 627 470 629 ⁴
496 619 634 649 certos
665 621 755 646 esse
783 608 925 658 Posse,
953 600 1095 654 probe
1123 599 1354 639 tenendum
1393 610 1466 638 est.
1530 601 1766 642 Lumbijis

496 687 610 725 enim
636 682 776 732 nullis,
807 678 980 719 dolores
1008 679 1133 716 variis
1163 689 1213 714 ex
1243 677 1395 714 caussis
1414 678 1522 714 varii
1549 679 1592 715 in
1621 666 1765 730 quavis

494 770 648 802 tractus
678 754 926 798 intestinalis
955 756 1077 805 parte
1108 754 1226 800 oriri,
1265 754 1479 790 neminem
1507 749 1631 807 fugit,
1672 767 1765 792 eos-

494 842 677 891 demque
715 847 835 888 ergo,
873 829 954 868 illis
996 827 1306 885 praesentibus,
1348 826 1613 867 verminosos
1658 843 1763 876 esse,

495 927 663 967 semper
694 906 884 957 dubium,
915 904 1048 959 quid?
1077 904 1196 958 quod
1225 906 1257 941 si
1287 903 1457 943 dolores
1500 904 1653 944 iisdem
1692 905 1773 944 de:

491 994 608 1045 jectis
626 997 801 1035 cessant,
829 984 932 1022 ideo
956 995 1050 1020 ,11011
1075 982 1274 1019 certiores
1303 979 1403 1018 facti
1425 995 1581 1030 sumus,
1601 982 1763 1033 quippe

495 1081 639 1109 caussa
668 1063 821 1118 (flatus,
851 1061 990 1099 faeces
1016 1062 1112 1105 ete.)
1142 1056 1265 1094 simul
1289 1056 1427 1096 ablata
1449 1071 1540 1096 esse
1558 1059 1761 1109 potuerit.

594 1144 677 1182 Res
708 1151 849 1178 autem
878 1134 960 1174 alio
1000 1147 1043 1172 se
1085 1131 1213 1171 habet
1252 1133 1400 1181 modo,
1443 1134 1616 1186 quando
1654 1128 1793 1172 liu‘nss

491 1222 596 1261 brici
622 1218 767 1255 locum
797 1212 969 1252 solitum
999 1207 1341 1259 derelinquendo
1364 1208 1418 1246 ad
1447 1222 1493 1247 os
1521 1210 1760 1258 ventriculi,

490 1298 558 1339 vel
599 1299 644 1334 in
684 1292 796 1331 hunc
837 1291 979 1340 ipsum
1027 1294 1098 1322 aut
1141 1281 1434 1336 oesophagum
1481 1285 1759 1326 ascenderint.

487 1373 663 1416 Homini
694 1371 819 1414 enim,
850 1365 917 1403 cui
945 1361 1024 1400 hae
1052 1369 1208 1412 partes,
1240 1357 1339 1397 alias
1358 1359 1569 1399 vermibus
1590 1375 1759 1413 semper

486 1454 663 1498 liberae,
682 1445 855 1487 eaedem
870 1438 991 1480 simul
1016 1438 1194 1475 maxime
1217 1435 1450 1486 sensibiles,
1478 1447 1526 1475 ut
1542 1440 1645 1476 istos
1668 1452 1758 1478 non

487 1533 640 1576 ferant,
669 1523 744 1564 sed
762 1530 934 1566 nausea,
963 1516 1144 1554 vomitus
1162 1512 1231 1551 vel
1260 1511 1555 1552 convulsiones
1584 1512 1758 1556 illorum

485 1617 627 1647 motus
655 1606 898 1652 sequantur.
953 1590 1056 1630 Aliis
1086 1604 1109 1628 e
1134 1599 1282 1626 contra
1309 1591 1353 1626 in
1383 1589 1644 1639 animalibus,
1666 1595 1757 1646 qui-

484 1685 561 1722 bus
590 1676 781 1732 plurimis
819 1682 984 1710 vermes
1026 1663 1249 1705 ventriculi
1283 1663 1484 1717 vulgares
1508 1676 1550 1704 et
1579 1671 1754 1707 ·assueti

484 1767 594 1806 sunt,
624 1754 665 1792 hi
693 1754 824 1791 vitam
852 1746 1009 1784 ibidem
1049 1756 1095 1780 ac
1123 1744 1167 1778 in
1195 1739 1369 1792 reliquis
1400 1745 1592 1792 corporis
1621 1731 1753 1794 parti*-

482 1835 560 1874 bus
590 1842 726 1883 aeque
764 1819 1035 1875 tranquillam
1071 1818 1241 1870 degunt.
1307 1817 1420 1855 Num
1457 1815 1652 1857 lumbrici
1683 1834 1753 1859 co..

482 1910 560 1950 lon
585 1906 725 1958 illapsi
754 1900 928 1941 dolores
959 1907 1134 1949 quoque
1164 1894 1316 1941 cieant,
1347 1889 1522 1931 difficile
1552 1893 1752 1934 determi-

480 1996 584 2025 natu
606 1992 681 2032 est,
703 1982 770 2019 vix
793 1988 938 2025 tamen
957 1970 1230 2017 crediderim,
1258 1977 1397 2007 motus
1419 1972 1531 2008 enim
1558 1973 1751 2021 peristal-

480 2064 552 2102 tici
579 2061 621 2099 vi
650 2054 830 2108 depulsi,
858 2048 1051 2103 languidi
1079 2056 1121 2085 et
1139 2043 1385 2083 moribundi
1412 2044 1511 2084 illuc
1537 2046 1746 2098 feruntur,

478 2137 548 2177 vel
574 2137 610 2175 si
626 2124 780 2186 segeti
808 2130 934 2167 etiam
963 2126 1121 2173 forent,
1149 2118 1335 2161 faecibus
1372 2130 1512 2161 tamen
1539 2126 1748 2175 spissiori—

478 2215 556 2253 bus
586 2210 745 2249 obtecti
774 2206 996 2257 superiora
1023 2215 1113 2240 non
1139 2203 1295 2238 iterum
1324 2199 1566 2249 ascendant,
1595 2214 1674 2240 nec
1701 2204 1746 2242 in

481 2288 579 2328 colo
609 2300 654 2326 se
683 2291 897 2328 tueantur,
927 2278 1002 2317 sed
1032 2277 1127 2316 alvo
1159 2276 1426 2327 dejiciuntur.

583 2366 629 2403 C⁶
663 2360 826 2400 Taenia
853 2367 938 2395 tam
960 2353 1141 2401 Solium,
1181 2364 1308 2404 quam
1326 2351 1438 2398 luca,
1465 2350 1743 2404 utplurimum

475 2442 626 2480 itidem
654 2433 894 2489 tranquilla,
924 2439 967 2469 et
993 2431 1038 2468 in
1065 2428 1306 2466 hominibus
1336 2429 1561 2470 sanissimis
1600 2427 1742 2476 obvia,

477 2529 605 2568 saepe
632 2513 804 2553 nonnisi
832 2519 998 2548 excreta
1033 2505 1245 2558 proditur,
1286 2513 1333 2542 ut
1372 2497 1563 2555 ejusdem
1598 2513 1740 2543 motus
