1801 3066
444 166 520 220 184

444 267 740 317 effunduntur,
770 279 815 319 et,
836 271 1005 310 vascula
1034 283 1170 322 opaca
1196 269 1410 323 pellucida
1436 271 1547 312 facta
1573 275 1711 312 minus

444 342 554 382 bene
583 336 883 385 examinantur.
928 347 1130 386 Recentia
1160 357 1298 386 autern
1328 350 1549 394 examines,
1579 361 1714 401 aquae

445 423 555 458 enim
587 421 742 460 diutius
769 425 949 462 immissa
987 422 1185 461 facillime
1219 423 1436 473 diffluunt,
1474 428 1716 478 vermisque

445 497 486 533 in
523 498 667 548 spiritu
702 501 788 537 vini
824 490 1057 542 conservati
1091 512 1188 538 vasa
1213 513 1433 552 nunquam
1461 501 1568 541 bene
1599 503 1717 539 extri-

446 582 605 612 cantur.
660 575 754 614 Hoc
784 589 835 615 eo
864 578 994 630 magis
1022 585 1233 628 repetam,
1279 589 1374 614 curn
1401 579 1544 617 icones
1574 576 1719 614 Wer-

445 651 586 696 neri,
629 651 781 704 quibus
818 651 1038 707 hucusque
1076 662 1117 691 et
1155 665 1178 691 a
1214 665 1284 691 me
1313 651 1417 692 olim
1444 653 1544 719 figles
1574 651 1720 694 habita

447 726 524 772 sit,
575 730 945 779 praeparationem
997 727 1079 768 hoc
1127 728 1195 768 vel
1242 728 1316 768 illo
1358 730 1490 769 modo
1531 731 1720 768 vitiatam

447 812 635 855 arguant.

529 879 766 918 Asc-aridis
800 895 900 920 vero
937 881 1251 921 lumbricoidis
1277 884 1462 921 sectione
1489 861 1599 922 bene
1625 895 1721 934 per-

452 965 562 1003 acta,
600 966 838 996 ceterorum
876 971 1051 1011 quoque
1086 961 1290 997 vermium
1327 961 1486 1012 optime
1510 940 1721 1005 succedet„

450 1032 499 1071 In
529 1033 803 1071 Taeniarmn
831 1043 971 1073 tamen
1009 1037 1150 1074 tunica
1185 1044 1352 1075 externa
1389 1036 1638 1084 auferenda,
1675 1043 1721 1072 ut

450 1121 548 1147 vasa
584 1109 839 1160 subjacentia
877 1109 986 1150 bene
1022 1114 1237 1159 sistantur,
1279 1111 1476 1166 singulari
1519 1124 1624 1163 opus
1661 1120 1723 1150 est

454 1184 658 1222 sollertia:
691 1198 825 1225 cutem
854 1191 994 1241 itaque
1024 1202 1048 1227 a
1074 1198 1195 1242 parte
1225 1187 1385 1227 articuli
1412 1187 1480 1226 vel
1499 1188 1722 1240 posteriori

453 1260 519 1298 vel
550 1265 747 1300 anteriori
775 1264 946 1315 forcipis
974 1268 1242 1303 tenuissimae
1273 1274 1312 1303 et
1341 1264 1498 1305 cultelli
1535 1277 1618 1315 ope
1654 1264 1726 1302 de-

455 1335 618 1374 trahere
660 1338 861 1385 tentabis,
912 1352 965 1378 ne
1005 1353 1103 1378 vasa
1153 1341 1430 1391 subjacentia,
1470 1342 1726 1391 praesertim

456 1419 709 1460 transversa,
745 1415 790 1452 in
827 1413 933 1466 Cap.
968 1415 1080 1455 XIII.
1119 1418 1155 1467 ᾗ.
1183 1422 1220 1467 4.
1262 1416 1471 1468 descripta
1507 1415 1728 1455 laedantur

456 1488 524 1525 vel
563 1488 687 1527 simul
725 1490 980 1531 auferantur.
1035 1492 1223 1533 Taeniae
1258 1494 1405 1545 spiritu
1439 1493 1525 1532 vini
1560 1504 1728 1530 conser-

435 1574 578 1613 statae
614 1566 681 1604 vel
715 1570 891 1605 recentis
925 1569 1126 1618 portione
1163 1581 1284 1606 cerae
1324 1571 1522 1627 imposita
1564 1567 1728 1606 articuli

459 1644 556 1679 satis
584 1641 812 1697 firmantur,
840 1656 921 1682 nec
951 1644 1131 1691 aciculis,
1161 1643 1311 1697 quibus
1339 1645 1568 1696 generatim
1593 1646 1728 1682 'rarius

459 1718 665 1755 utendum
695 1727 776 1767 est,
808 1719 1048 1773 affigantur-3
1083 1721 1251 1775 maximi
1280 1729 1421 1759 autem
1448 1719 1650 1773 eligendi,
1691 1726 1731 1756 et

433 1799 644 1845 {quorum
679 1794 890 1835 foramina
923 1796 1167 1854 marginalia
1206 1795 1323 1836 labiis
1360 1795 1529 1836 tumic'is
1570 1795 1733 1848 pro-mi·-

458 1868 560 1908 nula
588 1874 679 1908 sint.

540 1946 725 1985 Partium
751 1948 1042 1988 Entozoorum
1068 1953 1330 1990 internarum
1368 1961 1542 1988 examen
1577 1949 1734 1990 cultelli

463 2031 504 2062 et
536 2021 656 2061 lentis
694 2024 892 2077 simplicis
919 2007 985 2065 vel
1013 2027 1283 2078 microscopii
1311 2023 1545 2077 compositi*
1562 2038 1646 2078 ope
1670 2027 1732 2065 in-

463 2103 653 2139 stitutum
678 2099 816 2139 solum
837 2102 1001 2151 sufficit,
1022 2113 1064 2143 et
1085 2105 1313 2155 injectione
1336 2101 1551 2149 artificiali,
1581 2110 1732 2154 utpote

463 2177 508 2215 in
535 2177 734 2216 Entozois
764 2181 1007 2231 saepissime
1037 2180 1238 2227 taediosa,
1267 2181 1334 2217 vix
1362 2190 1470 2230 opus
1491 2188 1565 2219 est.
1609 2178 1733 2231 Quae
1762 2231 1767 2237 ⁸

466 2255 575 2292 enim
605 2256 711 2294 visui
738 2266 827 2294 non
853 2264 1000 2307 patent
1026 2270 1147 2304 vasa,
1181 2268 1261 2294 nec
1289 2254 1433 2294 oscula
1463 2254 1649 2293 offerunt
1675 2257 1734 2293 vi-

465 2329 625 2378 sibilia,
653 2330 923 2383 injectioneni
953 2347 1127 2387 quoque
1152 2341 1375 2383 respuunt,
1407 2341 1447 2369 et
1472 2332 1732 2383 injectiones,

465 2421 578 2461 quae
605 2407 688 2446 huc
715 2423 849 2462 usque
873 2410 1012 2449 factae
1038 2417 1148 2456 sunt,
1175 2408 1315 2446 fructu
1343 2409 1518 2449 omnino
1548 2404 1730 2456 caruere,

465 2483 533 2524 vel
552 2498 576 2523 a
594 2498 695 2525 vero
718 2485 852 2526 aliena
877 2485 1079 2533 obtulere,
1109 2484 1227 2540 quod
1247 2484 1302 2523 de
1331 2483 1567 2524 Carlislii
1595 2483 1728 2533 (confi
