1801 3066
430 140 485 188 56

437 249 522 300 164.
559 250 668 289 Diss.
723 249 778 289 de
821 247 1030 290 pediculis
1074 246 1358 303 inguinalibus
1369 278 1384 298 ,
1437 247 1610 297 Insectis
1661 263 1704 291 et

485 325 714 364 Vermibus
759 325 921 366 homini
958 325 1162 374 molestis,
1198 339 1332 377 praes.
1369 325 1392 363 J
1404 338 1443 363 ο.
1481 325 1522 364 H
1531 329 1701 373 ieron.

484 401 815 454 Kniphofio,
854 417 962 456 resp.
1000 399 1309 453 Christoph.
1339 399 1499 440 Wilh.
1526 401 1702 441 Eman.

486 479 658 518 Reich
673 480 775 518 ard.
797 481 953 519 Erfurt.
988 485 1098 532 1759.
1128 483 1193 523 5-.
1223 491 1264 529 p.
1293 481 1330 526 4.
1362 476 1472 515 tabb.
1504 491 1594 516 aen.
1617 485 1654 524 5,
1679 479 1704 505 ‘¹³

485 554 598 594 Ficta
627 555 820 607 plurima.
851 558 1016 596 Vermis
1047 555 1184 595 cordis
1214 553 1510 605 (Herzwurm)
1555 554 1703 604 dictus,

487 642 549 672 est
597 633 758 670 Ascaris
803 632 1104 672 lumbricoides
1153 632 1357 683 sanguine
1396 627 1573 681 repleta.
1635 631 1704 670 De
1749 622 1756 629 ⁴*

486 707 656 748 Taeniis
686 710 940 747 Linnaeana.
996 712 1064 748 De
1092 707 1297 761 pediculis
1327 705 1429 744 fuse.

437 783 521 827 165.
554 798 587 822 a.
616 785 778 823 Murk
816 799 915 824 van
953 783 1019 823 Ph
1034 783 1201 823 elsum
1229 781 1585 837 Natuurkundige
1611 796 1706 823 ver-2

487 860 720 915 handeling
779 874 882 900 over
943 860 996 899 de
1043 861 1251 899 Wormen
1265 888 1278 908 ‚
1346 858 1484 897 welke
1539 857 1705 914 veltyds

485 939 532 976 in
582 938 636 976 de
691 937 866 976 darmen
919 938 995 976 der
1044 934 1272 974 menschen
1322 935 1550 989 gevonden
1594 949 1707 976 wore

488 1015 583 1053 den.
642 1013 936 1052 Leeuwarden
978 1012 1087 1064 1765.
1117 1018 1153 1058 8.
1199 1026 1239 1063 p.
1277 1019 1366 1063 314.
1408 1011 1518 1050 tabb.
1549 1024 1640 1049 aen.
1670 1015 1705 1061 4.

403 1092 429 1127 Q
485 1092 528 1130 D
538 1105 558 1128 r
568 1106 596 1145 y
610 1105 632 1129 a
642 1104 672 1128 n
686 1090 713 1128 d
728 1104 749 1128 e
760 1105 792 1128 r.

435 1166 473 1204 b.
513 1167 640 1218 Ejus
656 1166 694 1204 d.
734 1165 854 1203 Brief
888 1179 966 1203 aan
1010 1165 1095 1204 den
1130 1165 1270 1203 Heere
1310 1165 1367 1203 M.
1406 1165 1705 1217 Houttuyn.

486 1242 541 1293 ib.
580 1256 689 1294 .77ι».
719 1248 754 1287 8.
785 1256 825 1293 p.
857 1255 918 1279 2).
947 1242 1252 1295 Dryander.

636 1319 747 1356 Num
777 1316 858 1354 huc
889 1318 1067 1364 faciant,
1104 1328 1247 1355 utrum
1278 1317 1332 1357 ad
1359 1316 1582 1356 Ascarides
1611 1328 1709 1368 per·

543 1395 730 1440 tineant,
758 1395 939 1444 ignoro,
969 1391 1079 1429 conf.
1107 1405 1147 1431 n.
1178 1397 1265 1442 257.

439 1470 525 1509 166.
555 1467 726 1508 Wolff
763 1468 870 1505 Diss.
904 1467 956 1506 de
986 1467 1197 1507 vermibus
1227 1469 1534 1507 intestinorum.
1574 1467 1708 1507 Giess.
1733 1514 1735 1517 Ι

494 1542 954 1594 1753Ploucquet.

439 1621 524 1666 167.
570 1621 684 1657 Bitt
699 1631 807 1655 erm
822 1630 925 1655 ann
972 1617 1079 1657 Diss.
1131 1617 1186 1657 de
1231 1617 1457 1658 vermibus.
1522 1617 1708 1659 vindob.

493 1695 603 1745 1763.
660 1693 820 1732 Idem.

441 1771 526 1824 368.
552 1771 589 1809 H
604 1784 751 1808 arrer
770 1771 877 1808 Diss.
902 1769 956 1808 de
980 1780 1090 1818 orm,
1111 1784 1343 1824 progressu
1364 1774 1587 1821 vermium,
1602 1774 1711 1811 mira

490 1846 791 1899 phaenomena
814 1848 859 1884 in
882 1859 914 1884 c.
928 1844 968 1892 h.
985 1846 1329 1898 producentium,
1345 1861 1430 1887 una
1453 1861 1546 1887 cum
1563 1861 1711 1889 eneca-

490 1926 610 1965 tione
627 1933 668 1961 et
685 1922 920 1961 eorundem
937 1922 1197 1974 expulsione.
1215 1923 1409 1962 Heidelb.
1426 1924 1535 1976 1766.
1550 1924 1643 1964 Ide
1656 1941 1708 1975 m.

444 2000 527 2052 {59
567 1998 638 2038 Jo.
690 1997 869 2053 Fyshe
918 1998 1138 2038 Palmer
1197 1999 1435 2040 Tentamen
1479 2002 1618 2054 inaug.
1657 2001 1710 2040 de

492 2073 715 2127 Vermibus
772 2076 1081 2115 intestinorum.
1129 2074 1278 2114 Edinb.
1334 2076 1444 2129 1766.
1492 2083 1555 2128 34.
1592 2091 1634 2129 p.
1672 2081 1708 2128 4.

490 2149 603 2203 tabb.
634 2165 726 2191 aen.
755 2164 791 2202 7.
819 2152 1127 2206 Dryander.

639 2228 856 2267 Recusum
883 2230 950 2266 in:
995 2225 1201 2267 Thesauri
1227 2228 1338 2266 med.
1367 2229 1473 2268 Diss.
1502 2227 1711 2271 Edinbur÷

545 2316 662 2358 gens.
691 2304 742 2346 T.
770 2303 841 2343 III.
870 2302 1023 2344 Edinb.
1052 2304 1190 2344 Lond.
1225 2309 1334 2356 1785.
1364 2311 1400 2350 8.
1448 2307 1516 2344 De
1546 2307 1712 2347 Vermi÷

551 2360 629 2422 bus
657 2377 901 2437 vulgaribus
933 2393 1166 2432 eorumque
1194 2381 1391 2421 remediis
1421 2395 1551 2448 agere
1587 2382 1708 2430 Gim.

547 2456 780 2508 Ameigen.
810 2462 920 2509 1787.
949 2469 989 2496 n.
1021 2456 1083 2505 68.
1111 2470 1151 2511 p.
1182 2457 1271 2510 674
