1801 3066
1270 171 1347 217 565

165 274 309 312 Renes
331 272 508 311 hominis
537 278 578 308 et
598 268 884 308 mammalium
904 271 1184 322 plurimorum
1203 274 1350 314 Stron-

86 350 206 406 gylus
236 351 389 403 Gigas,
417 359 496 385 nec
524 346 669 384 forsan
699 346 801 384 alius
824 348 975 385 vermis
1004 360 1196 401 occupat.
1231 351 1347 390 Idem

84 425 300 469 interdum
329 426 374 460 in
401 424 600 460 vesicam
629 423 881 461 nriaemriam
921 422 1107 461 defertur
1116 453 1129 471 ,
1166 441 1277 478 quae
1303 431 1348 466 in

85 498 379 539 mammalibus
422 501 671 551 ceteroquin
713 512 736 537 a
763 497 973 538 vermibus
1009 497 1142 536 libera
1170 503 1346 541 videtur.

81 575 132 615 In
159 575 373 614 Ranarum
410 577 547 613 vesica
586 577 769 613 urinaria
798 574 1051 625 amplissima
1089 584 1130 613 et
1155 577 1349 618 Distoma

62 652 309 706 ⁸cygnoides
348 661 387 690 et
414 650 656 704 Polystoma
684 652 1000 703 integerrimum
1035 651 1111 689 secl
1137 654 1348 691 rarissime

83 737 322 766 occurrunt.
372 727 690 780 Quinquaginta
724 728 832 764 inter
857 739 995 774 ranas,
1026 740 1135 779 quae
1161 740 1249 766 uno
1279 729 1348 767 die

84 806 332 851 examinavi,
373 805 498 841 unica
528 803 614 840 duo
643 802 931 856 Polystomata
959 803 1133 852 obtulit,
1170 817 1346 844 necea·

84 880 181 918 dem
209 879 486 931 postmodum
514 881 667 931 reperi.

186 956 234 994 In
263 957 399 994 avium
429 956 685 994 diversarum
712 957 851 994 Bursa
873 956 1122 995 Fabricio
1146 958 1256 996 dicta
1271 958 1347 996 Di-
1371 952 1375 954 i

79 1040 215 1070 stoma
246 1041 415 1069 ovatum
447 1035 602 1073 inveni.
662 1031 893 1069 Genitalia
926 1042 1112 1071 ceterum
1139 1034 1348 1073 vermibus

78 1106 213 1147 libera
241 1107 457 1155 videntur,
486 1111 568 1146 nisi
594 1108 811 1146 Ascarides
839 1108 1133 1147 vermiculares
1161 1109 1346 1151 mulieris

78 1184 277 1239 genitalia
303 1172 515 1223 interdurn
545 1197 645 1224 casu
673 1193 896 1235 occupant.

185 1261 305 1299 Haec
340 1261 425 1310 jam
462 1260 690 1307 sufficiant,
733 1262 778 1298 in
805 1259 1035 1298 Volumine
1073 1270 1213 1299 autem
1240 1264 1350 1301 inse-

81 1345 264 1389 quente,
302 1338 511 1374 vermiur'n
547 1334 764 1386 speciebus
803 1339 1065 1388 systematice
1095 1342 1348 1376 enumeratis

81 1421 124 1451 et
151 1412 390 1463 descriptis,
439 1413 674 1450 eorundem
714 1413 839 1449 etiam
867 1411 1100 1451 secundum
1129 1415 1347 1464 animalia,

79 1491 126 1526 in
154 1488 307 1541 quibus
337 1487 546 1538 habitant,
584 1487 823 1540 catalogum
851 1486 982 1531 dabo.

510 1642 666 1713 Cap.
707 1642 909 1695 XVII.

158 1760 253 1809 De
294 1757 683 1810 Encozoorzmz
736 1765 1266 1813 communicatione.

185 1882 390 1919 Auctores
419 1880 614 1918 nonnulli
635 1880 826 1918 Entozoa
855 1883 907 1921 ab
935 1882 997 1920 his
1026 1883 1106 1922 illis
1136 1885 1247 1924 tradi
1263 1889 1350 1925 ani-

77 1957 277 2004 malibus,
326 1957 395 1995 alii
431 1971 453 1995 e-
492 1967 639 1996 contra
675 1959 828 2010 cuique
862 1960 1137 1998 animantium
1166 1965 1347 2013 speciei,

79 2044 150 2074 aut
177 2033 323 2072 saltem
352 2035 518 2087 generi,
546 2036 722 2085 propria
752 2047 841 2072 esse
869 2044 1069 2074 statuunt.

183 2111 248 2150 Illi
293 2112 539 2162 praesertim
589 2112 818 2148 sententiae
864 2110 1037 2162 plurimi
1057 2112 1160 2151 olim
1190 2115 1349 2157 add1cti

76 2189 222 2236 fuere,
250 2195 298 2225 ut
325 2187 532 2225 humanos
572 2200 596 2225 a
619 2186 842 2224 bestiarum
868 2188 1080 2228 vermibus
1110 2191 1348 2242 derivarint,

82 2263 354 2316 piscibusque
402 2266 595 2302 comestis
627 2263 781 2302 horum
815 2278 975 2303 vermes
1004 2265 1168 2306 homini
1194 2271 1348 2322 imper-

81 2342 150 2378 tiri
196 2339 342 2377 Jovem
382 2339 570 2391 lapidem
617 2341 858 2392 juraverint.
944 2341 1035 2383 Cel,
1080 2342 1347 2386 Rosenius

80 2415 212 2467 (Bibl.
241 2424 372 2453 nostr.
399 2428 439 2452 11.
470 2417 559 2464 567.
593 2426 634 2454 et
659 2418 768 2468 545)
806 2431 848 2455 se
874 2419 920 2455 in
947 2417 1092 2457 brama
1119 2424 1345 2463 semicocta

79 2492 253 2545 ligulam
285 2492 423 2529 vivam
454 2491 715 2538 observasse;
763 2493 1082 2533 Laurentius
1131 2497 1344 2538 Montin

1066 2557 1080 2579 Ι
