1801 3066
452 190 503 237 74

452 291 538 336 236.
569 291 737 329 Franz
773 303 872 328 von
901 290 1082 330 Paulla
1110 290 1590 348 Schrank'Beytriige
1628 311 1700 334 zur

498 364 881 419 Naturgeschichte.
924 367 1066 418 Leipz.
1113 369 1223 417 1776.
1264 375 1300 414 8.
1356 369 1483 407 Liber
1511 379 1702 414 entomo-

497 443 675 498 logicus,
703 445 747 481 in
775 456 861 496 quo
889 456 929 494 p.
958 448 1019 494 98.
1055 442 1109 480 de
1138 442 1510 495 lepidopterorum
1537 445 1700 486 Filariis

502 522 647 574 agitur.

450 604 533 648 237.
562 596 636 636 Jo.
685 596 801 635 Ern.
845 595 977 633 Imm.
1024 593 1203 633 Walcl:
1251 595 1333 645 (Im
1376 596 1700 637 Naturforscher

496 672 621 712 Sts'oek
647 672 738 711 XII.
774 685 814 723 p.
844 671 996 720 64-66.
1025 671 1072 724 ἣ
1125 671 1347 710 Monoculi
1373 673 1532 723 Apodis
1571 671 1700 714 histo-

498 751 560 788 ria
598 749 807 798 exposita,
851 746 1018 785 Filarias
1063 749 1251 785 meminit
1288 749 1334 785 in
1378 747 1619 788 Monoculis
1659 758 1700 788 et

498 828 605 863 circa
635 822 808 862 eosdem
838 822 899 874 (P)
928 835 949 860 a
979 836 1022 860 se
1049 833 1248 873 repertas.

446 909 533 947 233.
563 898 879 952 Hettlinger
926 899 994 950 (In
1032 898 1149 937 Obss.
1194 899 1246 937 de
1282 896 1488 952 Physique
1527 913 1606 952 par
1637 902 1695 940 M.

495 976 698 1015 Rozier
725 976 773 1013 T.
803 975 955 1014 XXVI.
985 989 1026 1026 p.
1056 988 1090 1025 7.
1121 975 1170 1027 *)
1224 973 1417 1014 Filariam
1454 976 1500 1013 in
1526 974 1696 1014 Phalae-

493 1065 575 1090 nae
602 1052 738 1090 Roes
755 1050 802 1089 el
829 1052 878 1089 T.
907 1050 936 1088 Ι.
964 1051 1000 1088 ‘K
1029 1052 1090 1096 55.
1120 1051 1166 1090 Α,
1198 1049 1439 1104 (Bombycis
1471 1064 1572 1103 ergo
1602 1052 1697 1090 Tri-

494 1129 609 1180 folii)
652 1126 767 1164 larva
807 1140 839 1181 a(
867 1139 910 1164 se
948 1128 1159 1165 inventam
1195 1127 1381 1165 Taeniae
1416 1126 1492 1165 sub
1520 1129 1694 1167 nomine

496 1204 631 1242 tradit.
686 1205 836 1241 versio
865 1216 904 1240 n.
932 1207 1021 1252 448.
1053 1215 1200 1241 errore
1229 1213 1431 1254 separata.

443 1287 530 1331 239.
557 1278 883 1332 Bemerkungen
911 1278 1013 1316 iiber
1041 1278 1123 1315 den
1142 1279 1289 1315 Wurm
1310 1291 1380 1316 aus
1399 1280 1514 1316 einer
1536 1278 1695 1331 Spinne

494 1367 580 1394 von
607 1353 788 1393 Duval.
829 1354 877 1390 111
904 1352 1143 1403 Hoppe's
1169 1351 1457 1392 botanischem
1483 1352 1694 1394 Taschen-

492 1428 601 1468 buch
628 1429 695 1467 ffir
726 1427 835 1480 1796.
862 1428 912 1466 N.
940 1425 1047 1464 VIII.
1075 1425 1174 1463 Rec.
1203 1427 1269 1464 in:
1297 1426 1415 1477 Allg.
1443 1427 1553 1465 Lice.
1581 1427 1691 1466 Zeic.

496 1506 608 1557 1796.
636 1519 675 1542 n.
705 1518 768 1556 97.
795 1518 835 1554 p.
866 1516 952 1554 772.
981 1501 1006 1526 ‘k
1062 1503 1224 1540 Censor
1253 1499 1372 1551 hujus
1400 1501 1497 1542 libri
1524 1504 1691 1543 Vermes

494 1579 764 1619 Davallianos
791 1580 835 1616 in
860 1575 1034 1615 floribus
1054 1575 1214 1623 obvios,
1244 1590 1492 1619 aranearum
1518 1580 1690 1618 minime

495 1668 583 1694 esse
611 1652 865 1692 intestinales
877 1680 891 1700 ,
917 1653 1012 1702 jure
1041 1651 1297 1690 contendere
1315 1652 1490 1690 videtur.

445 1735 529 1782 240.
562 1728 714 1767 Filaria
751 1726 1050 1782 Chrysomelae
1089 1730 1301 1780 jagttagen
1341 1729 1423 1766 ved
1460 1728 1544 1765 Hr.
1584 1741 1689 1768 von

493 1805 701 1844 Holten.
773 1805 821 1844 In
856 1804 1041 1843 Skrivter
1083 1802 1126 1840 af
1158 1802 1314 1841 Dansk.
1347 1801 1520 1842 Naturh.
1556 1804 1688 1845 Selsk.

491 1884 605 1931 413.
643 1896 674 1920 1.
706 1881 757 1919 H.
787 1880 948 1931 (1797.)
973 1893 1024 1921 ιι.
1052 1892 1086 1916 z.
1124 1893 1166 1930 p.
1201 1879 1345 1930 16-19.
1384 1878 1487 1918 Tab.
1525 1886 1562 1926 5.
1598 1880 1688 1935 Fig.

451 1978 455 1982 >
495 1972 540 2007 1,
569 1971 608 2000 2.
633 1962 660 1983 ’Κ
710 1958 757 1996 In
786 1954 1058 2010 Chrysomela
1084 1954 1179 1993 Alni
1209 1957 1377 2005 reperit.

443 2039 529 2085 241.
557 2030 740 2071 Bouch
756 2046 807 2071 er
829 2031 958 2070 d'Ab
974 2030 1172 2070 beville
1194 2030 1246 2070 de
1266 2031 1416 2071 Filaria
1434 2034 1478 2071 in
1495 2034 1685 2088 bupresti

492 2119 674 2161 reperta,
703 2110 817 2160 cujus
848 2109 1003 2145 viscera
1032 2107 1255 2146 devorasse
1275 2122 1499 2160 perperam
1516 2113 1600 2149 visa
1624 2112 1684 2151 di-

476 2186 627 2232 ⁴citur,
674 2187 738 2222 in:
777 2183 987 2234 Rapports
1025 2179 1236 2237 gAEnbraux
1265 2183 1336 2222 des
1367 2195 1536 2224 travaux
1563 2187 1616 2225 de
1642 2187 1684 2226 la

491 2257 654 2299 societ&
700 2258 1005 2311 Philomatique
1045 2261 1097 2298 de
1136 2261 1261 2298 Paris.
1303 2262 1352 2299 T.
1382 2261 1445 2299 111.
1481 2264 1592 2301 Paris
1630 2277 1683 2303 an

491 2337 579 2381 ,VIL
609 2337 755 2389 (1599.)
783 2349 824 2387 p.
847 2348 908 2388 72.
929 2335 954 2361 *
981 2336 1217 2388 Descriptio
1246 2346 1387 2376 tamen
1416 2351 1503 2377 non
1523 2338 1654 2378 datur.
