1801 3066
1260 143 1333 185 231

70 250 151 280 :nus
188 249 385 279 recenter
416 224 680 286 examinatis,
728 240 774 275 in
811 241 923 277 muci
952 245 1137 291 speciem
1167 241 1334 293 abeant,

69 316 188 370 quod
218 318 344 355 etiam
371 319 414 354 in
441 312 598 352 morbis
626 311 842 352 nonnullis
864 314 1011 352 videre
1036 327 1107 353 est.
1151 319 1336 359 Maxima

69 395 182 432 enim
214 406 263 432 ex
290 400 411 444 parte
435 388 519 427 tela
539 403 712 428 mucosa
736 399 777 428 et
799 391 972 443 quidem
996 395 1208 432 teneriore
1234 408 1334 434 con-

67 480 179 508 stare
206 468 422 513 videntur,
471 474 513 504 et
541 479 651 518 quae
681 466 851 510 additae
888 476 983 504 sunt
1011 465 1142 505 fibrae
1173 480 1334 510 cetero-

65 558 161 584 rum
189 541 431 581 animalium
459 540 657 580 musculis
686 541 821 581 multo
851 543 1088 581 teneriores
1119 555 1225 582 sunt.

142 617 409 672 Quibusdam
430 627 570 656 tamen
591 627 731 668 partes
755 618 949 657 duriores
975 613 1216 661 concessae.
1245 622 1334 661 Du-

61 697 171 734 ritiei
208 697 599 749 integumentorum
627 693 871 734 universalis
914 695 1154 746 exemplum
1182 707 1334 736 notatu

60 774 240 810 maxime
281 772 457 824 dignum
494 780 536 808 et
563 770 683 823 quod
712 773 840 810 sciam
868 773 1042 810 unicum
1078 774 1124 810 in
1157 774 1334 812 Tricho-

61 848 236 902 cepltalo
279 845 461 885 offertur
500 846 730 896 echinato,
778 849 851 900 qui
889 849 934 885 in
973 846 1214 899 Ophisauro
1255 864 1332 890 seu

59 925 239 964 Lacerta
265 923 406 975 apode
436 937 460 962 a
480 922 555 961 cel.
612 922 796 962 Pallas
825 924 949 974 (Νον.
968 925 1133 965 Comm.
1156 927 1329 979 Petrop-

57 1002 108 1042 T.
136 999 255 1041 XIX.
282 1014 328 1052 p.
354 1003 471 1052 415.)
510 1000 726 1049 detectus,
769 1013 995 1053 nuperque
1026 1014 1050 1038 a
1079 1000 1154 1039 cel.
1196 1002 1330 1043 Fro-

54 1079 178 1128 riep
206 1090 372 1115 mecum
401 1079 733 1115 communicatus
765 1085 841 1116 est.
896 1077 1027 1115 Partis
1051 1077 1240 1129 ejusdem
1263 1093 1330 1119 ca-

54 1152 214 1207 pillaris
255 1152 459 1191 elaterem
498 1166 683 1193 summus
721 1151 794 1190 ille
822 1154 888 1191 vir
929 1167 1024 1192 cum
1053 1164 1142 1192 seta
1173 1157 1329 1207 equina

55 1238 298 1282 comparat,
340 1231 443 1266 cutis
476 1238 617 1267 autem
653 1230 785 1282 partis
816 1231 1029 1268 crassioris
1066 1230 1327 1283 rigiditatem

52 1319 145 1346 :non
172 1308 310 1344 minus
339 1318 467 1357 quam
487 1303 777 1343 elasticitatem
799 1307 1058 1345 insectorum
1078 1305 1326 1347 molliorum

54 1380 281 1420 corneolas
311 1391 468 1419 crustas
497 1379 565 1419 vel
595 1380 811 1418 duriorem
841 1380 1151 1431 epidermidem
1179 1379 1326 1421 huma-

51 1471 151 1497 nam
178 1456 344 1496 referre
375 1456 489 1504 dicit,
521 1465 561 1493 et
586 1457 632 1494 in
660 1469 758 1493 meo
788 1469 963 1508 quoque
993 1459 1224 1507 specimine
1253 1471 1324 1497 cu-

53 1536 102 1572 tis
133 1533 330 1571 duritiem
368 1541 524 1570 attactu
558 1530 792 1570 notabilem
829 1545 1102 1584 summopere
1141 1532 1323 1573 admira-

50 1619 116 1648 tus
144 1623 250 1652 sum.

129 1685 351 1738 Strongyli
375 1686 542 1725 armati
570 1686 628 1726 Os
656 1684 817 1724 bullam
837 1698 1036 1724 corneam
1059 1689 1195 1726 antice
1217 1687 1322 1726 den·
1365 1702 1369 1709 ¹

48 1773 178 1803 tatam
206 1762 364 1811 refert,
394 1776 519 1815 quam
551 1776 574 1800 a
601 1762 817 1801 Zedero
849 1761 1141 1817 (Naturgesch.
1169 1778 1211 1816 p.
1240 1764 1321 1818 85.)

47 1853 132 1893 pro
160 1837 351 1877 musculo
370 1837 591 1888 habitam,
640 1853 664 1878 a
690 1839 862 1892 reliquis
893 1838 1166 1891 scriptoribus
1196 1839 1323 1879 silen-

48 1917 112 1956 tio
148 1929 334 1968 pressam
376 1929 466 1954 esse
503 1918 684 1954 mireris.
747 1915 869 1956 Bulla
900 1917 1012 1953 enim
1040 1917 1119 1954 ista
1147 1915 1320 1970 subglo-

47 1992 175 2041 bosa,
219 1993 371 2032 vermis
413 1993 540 2043 capiti
580 1991 778 2034 duritiem
813 1994 1025 2046 insignem
1053 1994 1318 2048 impertiens,

47 2079 91 2109 et
119 2069 171 2107 ab
199 2067 428 2107 involucris
460 2078 501 2106 et
530 2066 582 2107 ab
610 2071 835 2117 intestino,
865 2068 1017 2122 quibus
1047 2069 1210 2108 adnexa
1241 2080 1316 2119 est,

47 2145 171 2184 facile
207 2143 475 2197 separabilis,
495 2194 498 2196 q
522 2143 590 2184 vel
628 2147 793 2199 integra
829 2145 897 2185 vel
927 2146 1097 2185 discissa
1127 2145 1318 2185 substan-

49 2222 151 2259 tiam
199 2219 321 2271 (licet
365 2223 501 2263 tenuis
549 2224 626 2274 sit)
671 2226 857 2262 omnino
893 2237 1094 2263 corneam
1137 2220 1317 2264 exhibet,

47 2295 297 2348 Exemplum
336 2308 449 2337 certe
478 2300 648 2337 unicum
655 2328 670 2348 ‚
719 2298 843 2351 plura
871 2301 905 2338 si
932 2301 976 2338 in
1003 2297 1218 2353 Strongyli
1248 2311 1320 2353 ge-

47 2385 154 2412 nere
182 2373 278 2410 satis
309 2373 449 2425 amplo
478 2375 686 2428 adessent,
715 2373 800 2416 hoc
819 2376 951 2420 diviso
981 2374 1318 2415 Scleroscomaca

51 2461 75 2488 a
102 2447 337 2504 Strongylis
367 2461 625 2506 separarem.
