1801 3066
437 151 488 191 58

490 252 670 292 Carol.
719 253 859 292 Frid.
909 255 1077 305 Happ.
1135 253 1246 306 Lips.
1300 263 1410 307 1780.
1452 262 1515 308 48.
1543 272 1583 311 p.
1612 263 1650 311 4.
1678 262 1704 285 '³‘

449 351 451 354 <
487 329 649 368 Auctor
675 344 836 370 vermes
866 331 1038 394 quidem
1068 333 1156 382 ipse
1178 345 1268 370 non
1295 334 1582 387 investIgavit‚
1610 335 1705 388 plu-

488 409 602 447 rimis
643 416 785 446 tamen
824 422 872 447 ex
919 409 1161 446 auctoribus
1209 422 1288 446 nec
1342 407 1500 464 absque
1546 412 1701 464 judicio

488 483 738 535 compilavit.

438 573 524 612 179-
549 559 662 599 Joh.
691 562 882 614 Mayer
918 558 1206 615 Abhandlung
1243 575 1330 601 von
1360 563 1444 601 den
1472 566 1703 604 VVfirmern

486 635 563 674 der
602 635 848 676 Menschen.
914 637 983 676 In:
1030 637 1400 688 Ablmncllzmgen
1444 640 1568 676 einer
1603 640 1703 678 Pri-

481 714 846 767 vacgesellschas't
883 714 932 750 in
968 714 1174 753 Bo'lcmen.
1217 720 1253 760 5.
1282 715 1326 754 Β.
1375 717 1518 768 (Prag.
1564 717 1701 768 1782.)

482 802 522 840 p.
551 795 706 839 77-81.
763 791 1075 844 Dryander.

432 872 518 911 180.
548 867 646 904 Von
683 868 933 916 WVfirmern,
982 870 1026 905 in
1070 869 1127 907 M.
1167 867 1214 906 R.
1253 866 1566 908 Weikard’s
1607 882 1700 908 ver-

481 940 686 980 mischten
734 944 842 982 med.
893 943 1111 983 Schriften.
1160 949 1197 994 4.
1236 944 1292 981 St.
1352 943 1517 982 Frankf.
1564 959 1597 984 a.
1637 947 1696 984 M.

485 1025 594 1069 1782.
624 1026 660 1065 8.
699 1019 808 1073 legi,
857 1021 933 1058 sed
973 1034 996 1058 e
1030 1023 1236 1060 memoria
1267 1023 1463 1069 excessit,
1511 1035 1594 1060 nee
1620 1023 1701 1066 :nisi

479 1097 799 1147 inscriptionem
828 1099 938 1135 inter
967 1097 1186 1137 schedulas
1214 1111 1328 1136 meas
1359 1100 1543 1148 reperio.

430 1177 515 1217 181.
545 1170 724 1210 Thom.
755 1173 950 1213 Wallis
979 1176 1087 1214 Diss.
1127 1178 1268 1229 inaug.
1294 1175 1354 1225 'de
1382 1173 1596 1214 vermibus
1633 1177 1698 1214 in-

481 1252 742 1288 testinorum.
782 1250 934 1289 Edinb.
970 1257 1080 1302 1784.
1108 1257 1170 1297 55.
1199 1265 1239 1303 p.
1268 1258 1304 1298 8.
1361 1253 1582 1294 Vermium
1609 1251 1698 1291 vul-
1737 1280 1742 1289 .

478 1328 642 1377 gai-ium
679 1326 836 1365 bonam
867 1328 968 1366 dare
999 1327 1354 1377 descriptionem,
1398 1326 1698 1370 collectionem
1720 1370 1727 1382 -.

478 1400 903 1441 anthelminticorum.
959 1402 999 1440 D
1014 1414 1039 1439 o
1056 1403 1171 1440 erin
1186 1415 1222 1454 g.

556 1479 734 1516 Recens.
764 1479 927 1517 Comm.
958 1477 1074 1516 Med.
1103 1479 1214 1528 Lips.
1244 1475 1341 1516 Vol.
1367 1483 1428 1522 28.
1450 1481 1592 1530 p'j422.

428 1557 511 1598 182.
550 1552 694 1593 Alex.
737 1552 1013 1594 Crichton
1050 1554 1103 1592 D.
1144 1552 1198 1591 de
1226 1552 1438 1593 vermibus
1476 1556 1698 1595 intestino-

474 1643 581 1668 rum.
609 1629 655 1667 L.
675 1628 719 1666 B.
755 1633 863 1680 1785.
898 1635 955 1675 18.
973 1643 1013 1682 p.
1035 1635 1072 1675 8.
1101 1630 1381 1682 Doering,
1411 1632 1484 1682 qui
1512 1631 1697 1670 Clario&-

475 1714 553 1743 con
582 1703 734 1744 scribit.

426 1787 512 1827 185.
542 1781 700 1820 Henr.
729 1780 848 1819 Ern.
878 1782 1006 1835 Aug.
1037 1781 1346 1821 Schroeter
1379 1783 1488 1822 Diss.
1519 1783 1572 1824 de
1600 1797 1695 1823 ver-

473 1855 609 1896 mibus
650 1860 842 1911 corporis
880 1857 1051 1898 humani
1088 1857 1406 1898 intestinalibus.
1446 1857 1538 1899 Hal.
1581 1866 1692 1912 1787.

478 1941 563 1980 105.
592 1948 632 1986 p.
662 1936 705 1972 in
733 1940 768 1979 8.
799 1934 825 1958 ’κ
877 1936 1082 1973 Auctores
1111 1937 1373 1977 recentiores
1405 1935 1459 1974 de
1484 1938 1692 1978 vermium
1722 1976 1729 1979 ,

476 2009 694 2063 speciebus
726 2009 1014 2060 consulendo,
1054 2010 1399 2063 compilationem
1428 2014 1523 2052 satis
1545 2011 1693 2052 lauda-

474 2085 603 2124 bilem
642 2087 782 2131 dedit;
831 2089 984 2127 nimios
1025 2097 1165 2127 tamen
1202 2088 1374 2129 morbos
1403 2091 1691 2138 verminOSOS,

474 2162 838 2214 perforationem,
866 2163 1138 2215 putredinem
1167 2173 1242 2201 etc.
1275 2164 1465 2202 admittit.

428 2244 510 2288 18'1-
549 2224 793 2278 Michael
831 2239 1018 2278 Franc.
1059 2241 1268 2279 Buniva
1305 2243 1424 2282 utin
1453 2241 1575 2293 ampl.
1606 2255 1692 2280 me-

466 2315 667 2353 dicorum
705 2315 933 2370 collegium
973 2325 1246 2368 cooptaretur
1295 2315 1466 2367 publice
1508 2317 1693 2368 disputa-

475 2390 547 2428 bat
586 2394 629 2429 in
669 2395 788 2446 regio
824 2394 1078 2431 Taurinensi
1120 2392 1255 2447 lyceo.
1301 2376 1410 2443 1788.
1475 2392 1719 2445 ΑιιςιιεῑᾶθἼ

474 2469 769 2506 Taurinorum.
810 2475 898 2514 552.
928 2482 967 2519 p.
1006 2475 1042 2514 8.
1080 2469 1104 2490 '³‘
1154 2471 1219 2520 (p.
1248 2476 1284 2514 5.
1330 2469 1383 2508 de
1413 2470 1690 2523 generatione
