1801 3066
451 178 530 225 452

451 280 575 320 'terna
603 276 786 318 inclusus
814 288 956 331 partes
986 280 1140 317 vicinas
1161 278 1335 319 laedere
1353 283 1516 334 nequit,
1545 284 1622 322 sed.
1648 284 1722 340 hy,

454 356 646 395 datidum
685 364 845 394 tantum
885 357 1031 406 copia,
1071 354 1260 406 partibus
1299 357 1541 410 interjecta,
1583 357 1724 410 labem

407 478 419 487 ,
454 431 684 486 quandam,
713 440 785 468 aut
804 429 1080 479 debilitatem,
1111 432 1223 468 ciere
1254 429 1395 470 debet.
1449 434 1628 478 Numin
1645 431 1725 472 ho-

451 506 633 545 minibus
662 506 926 560 grandinosis
958 507 1076 558 signa
1104 504 1339 544 melicerta
1360 506 1514 556 adsint,
1542 522 1624 547 nec
1649 521 1723 559 ne,

448 593 720 635 posterorum
757 594 855 619 cura
892 580 1128 620 eruendum
1167 583 1266 631 erit,
1312 580 1436 621 nobis
1466 582 1614 623 saltem
1642 582 1722 622 hac

449 658 504 697 de
531 672 578 698 re
606 657 710 696 nihil
740 658 843 694 certi
873 667 1060 706 constat,
1095 655 1357 711 morbusque
1394 660 1604 698 rarissime
1644 659 1720 699 ob-

446 743 634 772 servatus
672 736 718 771 in
746 732 897 771 iisdem
925 746 1013 771 non
1050 741 1276 784 tantopere
1316 732 1716 787 diffusus‘videtur,

450 821 499 848 ac
526 811 571 847 in
599 808 755 857 suibus,
786 807 859 846 ubi
887 810 1130 859 saepissime
1162 807 1392 848 exhibetur.

549 885 657 922 Tam
686 882 865 922 hominis
906 898 1032 937 quam
1071 883 1299 922 bestiarum
1338 886 1511 923 viscera
1554 885 1718 941 hydati-

442 959 518 998 bus
547 961 684 1012 iisque
722 960 844 997 variis
885 973 1012 1011 saepe
1050 969 1258 998 tenentur.
1331 960 1587 1000 Animalium
1618 964 1718 1016 pul-

441 1035 647 1074 monibus
673 1035 867 1084 inclusas,
897 1036 1142 1088 frequentes
1173 1045 1215 1072 et
1243 1038 1455 1086 maximas,
1488 1039 1580 1089 ipse
1606 1024 1714 1077 sem-

440 1126 520 1164 per
556 1112 803 1150 inanimatas
841 1110 948 1159 vidi,
998 1109 1068 1148 alii
1107 1120 1249 1148 tamen
1282 1113 1544 1150 verminosas
1585 1115 1712 1152 etiam

442 1188 733 1234 observarunt,
763 1186 882 1237 quod
910 1188 1118 1224 rarissime
1148 1198 1248 1223 sane
1277 1185 1421 1223 locum
1449 1184 1634 1225 habebit.
1661 1188 1711 1226 ln

439 1262 614 1315 hepatis
660 1261 916 1300 substancia
971 1259 1149 1298 latentes
1201 1259 1292 1297 fere
1334 1273 1504 1311 semper
1551 1264 1710 1301 anima-

439 1348 522 1386 tae,
551 1339 629 1375 nisi
656 1336 864 1388 plurimae
893 1335 1063 1374 sacculo
1104 1334 1328 1374 conclusae
1357 1340 1460 1384 sint,
1498 1349 1609 1389 quae
1645 1338 1710 1375 in-

439 1414 607 1452 terdum
649 1406 811 1461 saltem,
854 1422 899 1449 ut
926 1413 1104 1463 proprio
1146 1414 1337 1450 examine
1378 1410 1556 1450 edoctus
1593 1415 1710 1461 novi,

438 1504 463 1528 a
504 1488 716 1527 vermibus
776 1486 939 1526 liberae
988 1496 1096 1524 sunt.
1179 1487 1371 1539 Hepczcis
1428 1487 1708 1540 superficiem

436 1565 585 1603 itidem
624 1565 832 1602 animatae
882 1564 1149 1614 potissimum
1203 1561 1424 1610 obsident;
1471 1576 1627 1600 renum
1682 1576 1705 1602 e

438 1637 869 1691 contraplerumque
906 1650 1023 1674 mere
1065 1650 1265 1690 aquosae.
1323 1639 1486 1678 Ceteris
1513 1637 1704 1689 partibus

438 1727 480 1755 et
524 1716 748 1754 intestinis
794 1725 982 1752 annexae
1026 1712 1276 1764 frequenter
1321 1697 1486 1752 *vermes
1541 1698 1733 1752 fovent.-

434 1790 689 1844 lX'Iagnitudo
729 1802 856 1840 saepe
891 1801 982 1826 non
1019 1790 1182 1841 exigua.
1236 1788 1286 1826 In
1322 1791 1405 1826 suis
1434 1786 1588 1839 hepate
1615 1790 1703 1843 Hy-

436 1863 803 1915 datidem'sreperi
829 1861 1148 1901 Echinococcos
1189 1851 1502 1912 continentem,
1547 1859 1696 1918 pugno

434 1945 653 1994 majorem,
683 1950 725 1978 et
746 1940 1009 1994 Cysticercos
1032 1952 1159 1976 ovum
1186 1936 1465 1991 gallinaceum
1488 1943 1699 1993 magnitu-

436 2019 535 2056 dine
571 2025 818 2068 superantes
854 2026 944 2051 non
980 2027 1076 2053 raro
1113 2015 1226 2063 vidi,
1267 2012 1522 2067 plerumque
1559 2026 1699 2055 tamen

434 2097 620 2133 minores
649 2100 756 2131 sunt.
813 2089 861 2126 In
887 2089 1218 2139 ruminantibus,
1261 2091 1696 2143 etiam'agnisotenel-

431 2169 497 2218 lis,
524 2168 862 2220 frequentissime
891 2174 1143 2214 occurrunt,
1182 2175 1222 2203 et
1257 2166 1337 2215 nisi
1371 2167 1507 2204 viscus
1541 2169 1693 2207 nimias

432 2247 660 2291 contineat,
688 2241 756 2280 vel
782 2244 826 2279 in
851 2238 1010 2277 molem
1038 2239 1313 2279 vesicularem
1342 2239 1512 2290 abierit,
1551 2255 1691 2295 eoque

432 2322 715 2373 organismum
755 2326 894 2365 exuat,
939 2327 1021 2352 nec
1057 2315 1267 2354 functioni
1303 2328 1503 2367 praeesse
1537 2317 1687 2366 valeat,

427 2408 583 2435 noxam
622 2398 689 2432 vix
731 2392 935 2432 adferent.
1002 2390 1120 2429 Haec
1164 2401 1303 2429 autem
1346 2405 1395 2430 ex
1436 2393 1706 2443 fflanimatis,‘
1756 2403 1759 2410 ¹

428 2484 537 2525 quae
573 2470 807 2523 generatim
843 2467 1178 2519 frequentiores,
1227 2466 1377 2506 eadem
1406 2469 1485 2506 erit
1512 2462 1567 2506 ac*
1586 2468 1693 2516 reli-¹

1362 2584 1370 2611 l
