1801 3066
1231 162 1310 217 567

44 277 150 322 ries,
200 275 317 328 quod
360 276 405 312 in
444 270 657 311 volumine
695 265 883 305 secundo
926 269 1068 319 quavis
1095 270 1139 306 in
1168 270 1310 320 specie

46 352 329 391 annotabitur.

149 427 336 466 Alterum
375 432 514 461 autem
552 420 672 474 quod
709 421 856 458 attinet
892 418 1183 466 corollarium,
1220 434 1310 459 ver-

46 517 134 543 mes
161 504 358 541 nimirum
397 513 445 536 ex
473 496 720 536 animalibus
750 497 950 548 sanguine
978 494 1131 547 frigido
1159 498 1310 534 instru-

48 582 140 626 ctis,
177 581 222 615 in
250 577 407 621 calida,
444 574 554 613 salva
592 583 733 611 tamen
761 574 842 609 vita
872 573 1045 609 transire
1071 583 1215 621 posse,
1246 586 1310 611 ae-

47 668 132 708 que
161 663 321 692 certum
349 652 523 690 videtur.
578 648 645 686 Sic
673 650 716 685 in
745 661 844 684 casu
874 661 895 684 a
926 647 1205 685 ethim-itin
1232 658 1310 686 tra-

49 730 156 777 dito,
199 730 369 768 bremae
396 724 542 779 Ligula
577 725 622 761 in
648 723 790 775 puella
825 725 950 760 vitam
981 734 1311 772 conservaverat,

47 816 89 845 et
118 806 192 845 cel.
232 800 528 855 Abilgaard.
570 800 623 838 de
661 800 831 839 Taeniis
868 799 1011 837 solidis
1048 804 1093 838 in
1120 801 1312 840 anatibus

48 885 142 920 visis
180 881 297 920 idem‘
340 878 483 916 refert:
529 890 687 914 vermes
731 889 905 928 quoque
942 878 1123 927 piscium
1162 878 1311 917 caloris

48 958 225 1012 gradum
266 965 409 994 nostro
436 954 638 1003 majorem
680 966 759 1003 pro
796 962 990 1003 tempore
1027 952 1174 991 saltem
1198 955 1314 994 ,ferre

48 1047 196 1085 posse,
243 1032 534 1083 experimentis
563 1043 688 1080 supra
718 1028 849 1066 allatis
880 1030 1094 1069 evincitur.
1156 1029 1313 1068 Forsan

50 1112 173 1147 etiam
203 1110 339 1147 avium
375 1108 663 1158 aquaticarum
699 1103 927 1142 nonnullae
963 1107 1166 1155 piscium,
1205 1119 1313 1157 quos

51 1185 362 1229 devoraverint,
391 1181 599 1220 vermibus
629 1180 899 1228 infestantur,
925 1184 982 1219 sic
1009 1196 1044 1219 v.
1066 1194 1098 1217 c.
1127 1180 1313 1219 Anatum

49 1264 257 1300 variarum
285 1256 661 1310 Echinorhynclms
706 1256 881 1295 filicollis
922 1255 1023 1294 mihi
1053 1257 1187 1295 dictus
1216 1271 1313 1296 cum

48 1333 403 1389 Echinorhyncho
429 1336 605 1385 piscium
632 1333 843 1372 noduloso
864 1332 1054 1385 plurimis
1080 1337 1189 1373 notis
1214 1346 1313 1373 con-

50 1414 175 1450 venit.

155 1489 595 1527 Communicationem
627 1498 763 1526 autem
791 1489 911 1526 istam
939 1489 1180 1539 promiscue
1207 1487 1309 1534 fieri,

50 1565 115 1605 vel
157 1568 326 1618 quaevis
374 1563 569 1602 animalia
611 1564 873 1616 reliquorum
921 1577 1081 1602 vermes
1122 1566 1315 1614 recipere

49 1655 195 1694 posse,
241 1642 412 1678 minime
448 1642 688 1685 statuerim,
733 1639 807 1677 sed
846 1640 1074 1677 similitudo
1105 1639 1315 1691 quaedam

50 1719 317 1763 nutrimenti,
343 1714 468 1771 chyli‚
497 1703 750 1769 partiumve,
779 1718 821 1752 in
851 1715 1002 1769 quibus
1035 1717 1210 1769 degunt,
1239 1728 1314 1753 ne-

53 1795 232 1832 cessario
260 1793 497 1844 requiritur.
553 1793 620 1830 Sic
646 1795 768 1844 pisci-s
799 1791 966 1830 alterius
996 1805 1157 1830 vermes
1183 1795 1229 1830 in
1257 1792 1314 1830 al-

51 1879 146 1908 tero
174 1868 371 1906 facillime
401 1870 681 1918 proveniunt;
725 1882 818 1907 aves
855 1870 1073 1921 aquaticae
1102 1868 1244 1906 odoris
1273 1877 1315 1906 et

51 1956 193 2000 gustus
233 1958 280 1983 ac
315 1946 451 1995 pisces
488 1958 622 1997 aeque
657 1945 837 1996 rancidi,
886 1945 1095 1997 similique
1131 1947 1314 1982 viventes

51 2025 221 2073 rapina,
262 2020 414 2057 horum
442 2033 602 2059 vermes
631 2020 789 2059 facilius
829 2020 1153 2065 conservabuuu
1188 2023 1313 2073 piscis

54 2109 192 2137 autem
222 2097 391 2151 Ligula,
421 2105 533 2135 extra
563 2107 744 2135 tractum
773 2097 1050 2136 intestinalem
1076 2101 1240 2145 vivens,
1267 2101 1314 2136 in

52 2174 157 2213 tubo
186 2173 364 2211 hominis
393 2173 550 2211 cibario
578 2175 705 2211 vitam
736 2173 807 2212 diu
833 2166 922 2212 non
949 2174 1179 2226 protrahet.
1208 2175 1314 2212 Ver·-

52 2263 141 2289 mes
170 2258 312 2286 tamen
360 2249 609 2288 intestinales
660 2251 870 2300 (ejusdem
916 2252 1063 2289 saltem
1100 2249 1310 2303 animalis)

38 2329 98 2365 'in
125 2326 354 2364 abdomine
383 2340 556 2379 quoque
597 2330 833 2366 conservari
877 2340 1020 2379 posse,
1066 2331 1226 2366 vermes
1255 2330 1313 2366 sic

55 2404 155 2442 dicti
184 2403 446 2450 effractores,
476 2403 529 2441 de
558 2403 710 2455 quibus
737 2406 782 2443 in
810 2404 915 2456 Cap.
943 2405 1039 2444 XX.
1071 2417 1210 2458 agam,
1241 2404 1313 2443 de-

52 2490 310 2527 monstrant3
341 2489 382 2517 et
407 2479 481 2517 cel.
508 2478 684 2518 Pallas
722 2482 801 2527 (N.
828 2480 961 2518 Nord.
988 2480 1127 2532 Beytr.
1156 2481 1251 2518 Vol.
1279 2481 1310 2519 J.
