1801 3066
1251 181 1328 233 357

32 282 161 332 *paei
198 290 238 319 et
275 282 419 334 Strigis
446 279 648 319 Aluconis
687 289 884 319 contextu
923 282 1126 323 celluloso
1156 286 1325 336 detecti,

64 367 104 395 et
138 370 159 395 a
188 372 256 396 me
286 369 457 410 quoque
486 357 530 393 in
560 358 758 394 erinaceo
786 360 908 395 variis
937 357 1041 396 locis
1072 364 1244 412 reperti.

139 434 252 471 Num
299 429 530 482 Hydacultz
579 431 812 471 Gadorum
857 432 1088 472 Rathkio
1145 437 1324 487 (Dansk.

61 506 190 548 Selsk‘.
221 508 374 549 Skrivt.
403 509 445 546 Β.
463 509 515 546 V.
535 510 584 547 H.
608 523 638 550 1.
669 524 708 561 p.
727 511 790 555 68.
820 508 925 547 Tab.
944 522 979 546 2.
1008 508 1095 562 Fig.
1122 512 1168 561 1.)
1200 512 1322 557 dicta,

59 583 134 622 sub
177 584 303 622 Gadi*
326 581 538 624 Morhuae
579 595 619 623 et
655 587 829 623 virentis
864 587 936 636 pia
972 595 1107 623 matre
1137 596 1322 635 reperta,

58 662 259 713 cujusque
288 665 441 700 vermis
473 672 514 699 et
542 660 663 699 simul
690 660 873 699 vesicula
894 671 1066 699 externa
1090 661 1226 712 (quod
1247 663 1324 699 mi-

56 738 187 786 reris)
227 747 426 789 apertura
465 736 646 787 duplici,
691 739 904 789 superiori
941 750 990 775 ac
1029 735 1225 774 inferiori
1261 739 1324 775 in-

55 821 292 862 struantur,
323 813 377 851 ad
403 811 734 864 Amphistomata
761 813 989 852 referenda
1018 815 1094 861 sit,
1123 813 1323 852 determi-

53 899 157 926 nme
185 902 274 928 non
305 892 450 929 ausim

132 964 249 1003 Inter
271 965 879 1029 Cestoidea:T1icuspidaria
900 968 1142 1017 saepissime
1161 968 1206 1004 in
1223 980 1321 1018 per-

55 1054 129 1079 cae
158 1040 320 1093 hepatis
349 1042 541 1082 vesiculis
573 1042 798 1096 sphaericis
820 1042 888 1081 vel
908 1041 1229 1097 pyriformibus,
1258 1044 1322 1080 in-

51 1117 219 1156 terdum
250 1129 290 1156 et
318 1118 425 1158 binis
457 1122 744 1159 concatenatis
732 1134 767 1165 ;
797 1118 928 1158 semel
960 1122 1087 1157 etiam
1116 1121 1158 1156 in
1187 1116 1322 1173 hyda-

52 1193 137 1232 tide
164 1207 359 1248 percae,⁸
388 1206 429 1235 et
466 1196 546 1234 alia
582 1198 672 1233 vice
702 1197 981 1252 Gasteros-teil
1005 1195 1186 1234 aculeati
1214 1196 1345 1251 inte--

51 1272 162 1307 stino
208 1269 492 1321 adhaerente,
543 1271 736 1310 mihimet
757 1270 766 1273 ’
786 1271 953 1313 oblata„
1006 1272 1254 1309 *Vesicarias
1298 1283 1323 1308 a

50 1343 363 1385 Schrankio
401 1348 532 1397 (Bibl.
567 1361 607 1385 n.
646 1348 760 1399 597.)
809 1350 852 1386 in
890 1346 1073 1399 piscibus
1113 1355 1320 1396 repertas,

51 1418 359 1475 hydatidesque
397 1426 531 1462 varias
563 1424 617 1462 ad
646 1434 894 1476 sequentem
924 1423 1120 1462 ordinem
1150 1419 1319 1468 relatas,

49 1494 131 1534 huc
158 1501 375 1548 pertinere
406 1500 676 1538 crediderim.
743 1501 865 1553 Quae
897 1501 1008 1537 enim
1037 1499 1087 1535 iis
1118 1495 1320 1536 adscribi-

48 1581 118 1610 tur
145 1573 329 1612 vesicula
356 1575 541 1618 caudalis
572 1575 750 1614 evanida
780 1585 852 1613 aut
887 1574 1154 1620 oblitterata,
1180 1586 1228 1610 re
1258 1572 1320 1609 di-
1378 1615 1380 1617 ‚

47 1650 197 1707 stincte
237 1664 456 1701 expressa,
500 1651 617 1690 nulla
657 1662 738 1700 est,
782 1661 825 1692 et
863 1650 965 1689 dum
993 1650 1204 1689 vermium
1235 1657 1321 1686 tam

46 1723 251 1779 hydatide
288 1726 578 1776 inclusorum,
632 1742 760 1780 quam
809 1731 855 1767 in
900 1736 1038 1765 tractu
1090 1723 1319 1764 intestinali

45 1800 183 1840 libere
213 1802 461 1856 degentium
488 1804 694 1843 Fabricam
721 1818 897 1856 prorsus
929 1803 1110 1842 eandem
1129 1803 1317 1850 invenio,

47 1893 123 1916 cur
153 1879 327 1918 eosdem
355 1889 498 1923 tamen
528 1881 584 1920 ob
614 1879 839 1920 vesiculam
869 1890 1085 1918 externam
1105 1891 1317 1929 separem',

46 1939 256 2007 alterique
285 1959 540 1996 immisceam
571 1958 737 2006 ordini,
775 1970 845 1994 me
873 1954 1020 1993 saltem
1048 1957 1155 1993 ratio
1186 1953 1317 2008 fugit;

15 2017 19 2020 ’
47 2041 139 2069 tum
156 2033 377 2072 Ascarides
407 2044 450 2072 et
467 2033 705 2072 Distomata
733 2030 1005 2086 hydatidibus
1025 2030 1186 2070 inclusa
1203 2042 1317 2068 nova

47 2110 174 2147 etiam
204 2108 404 2164 effingam
433 2123 606 2163 genera,
635 2122 811 2147 necesse
840 2117 914 2146 est.

130 2185 302 2237 Cystz'oa
330 2185 503 2224 tandem
532 2195 580 2223 ut
607 2198 768 2224 nomen
794 2183 890 2232 fert,
921 2187 1064 2224 omnia
1093 2185 1315 2222 {Dicerate

47 2270 190 2299 tamen
218 2259 300 2300 huc
326 2275 416 2301 non
442 2264 708 2314 pertinente,
755 2271 796 2299 et
825 2261 880 2299 de
910 2274 994 2313 quo
1023 2264 1067 2299 in
1095 2264 1131 2311 §.2
1159 2267 1200 2305 5.
1228 2273 1316 2297 ser·

39 2350 119 2374 -mo
149 2336 254 2385 fuit,
284 2337 480 2390 excluso)
519 2337 703 2377 vesicula
732 2351 808 2376 seu
838 2338 999 2392 cystide
1029 2338 1315 2384 continentur,

46 2414 162 2451 miris
192 2422 334 2451 tamen
360 2413 499 2464 modis
528 2414 706 2453 diversa.

132 2489 406 2541 Cyscicercus
433 2487 655 2544 hydatides
685 2503 710 2530 a
743 2493 823 2543 pisi
851 2490 906 2530 ad
942 2492 1062 2543 pomi
1088 2489 1315 2528 mediocris
