1801 3066
1202 208 1282 255 259

15 312 136 367 plura
175 311 395 357 oriuntur,
448 308 493 344 in
524 303 715 355 corporis
753 300 887 340 latere
916 301 1073 341 dorsali
1114 307 1276 357 optime

16 390 264 441 conspicua,
303 388 347 423 in
373 382 492 422 variis
522 381 646 419 varia.
711 379 762 418 In
790 379 1042 417 Discomace
1070 379 1278 433 laepatz‘co

14 477 84 505 vas
115 478 138 503 a
165 475 275 516 poro
306 460 442 499 antico
474 455 673 496 obortum
700 455 820 495 brevi
847 464 944 508 post
970 453 1112 507 plures
1141 459 1185 494 in
1213 473 1278 498 ra-

13 555 132 590 mos,
160 549 248 579 tum
274 538 319 574 in
345 530 531 573 ramulos
562 541 604 570 et
631 529 820 581 surculos
848 534 1093 571 innumeros
1122 537 1279 573 tenuis-

14 619 221 666 simusque
251 611 358 659 abit,
403 613 447 648 in
475 611 628 648 vermis
655 606 915 661 marginibus
945 606 1079 647 ubivis
1109 619 1278 648 anasto-

14 699 232 731 mosantes.
289 687 448 726 Verme
479 697 627 736 presso
656 685 832 723 materia
861 686 967 723 vasis
998 695 1199 725 contenta
1230 701 1280 727 ex

14 780 122 820 poro
143 768 293 811 antico
325 771 559 809 eructatur,
598 768 640 798 et
666 763 881 799 mercurio
913 761 979 800 vel
1006 761 1178 815 liquore
1208 777 1280 803 co-

14 842 149 884 lorato
189 856 268 895 per
306 838 489 879 eundem
526 850 686 889 porum
731 838 890 889 injecto
930 851 1077 878 ornnes
1124 840 1281 879 ramuli

16 918 220 960 vasculosi
264 916 524 968 lepidissimo
578 923 694 952 certe
744 913 986 965 spectaculo
1045 916 1278 968 replentur.

16 995 111 1041 Aliis
156 997 200 1032 in
233 992 508 1032 Discomacz’s
545 989 764 1042 speciebus
804 1004 874 1043 vas
912 990 1020 1030 illud
1047 1005 1146 1031 mox
1175 993 1280 1032 divi-

18 1087 104 1112 sum
131 1073 329 1123 utrinque
358 1068 415 1107 ad.
443 1070 639 1119 corporis
667 1069 878 1121 margines
910 1068 1121 1118 decurrit,
1150 1072 1279 1108 ramis

17 1149 134 1188 variis
184 1148 342 1185 emissis
390 1155 432 1184 et
472 1146 732 1182 anastomosi
771 1146 954 1184 invicem
988 1147 1149 1198 junctis
1231 1146 1282 1185 In

15 1223 386 1277 Amphiscomacis
422 1222 583 1272 pariter
629 1219 849 1271 speciebus
887 1234 959 1259 vas
996 1221 1064 1260 vel
1108 1213 1283 1261 unicum

15 1283 238 1349 in-dorso,
287 1296 355 1337 vel
385 1296 563 1334 divisum
589 1283 790 1347 utrinque
819 1295 874 1333 ad
909 1294 1043 1335 latera
1081 1298 1281 1337 decurrit.

11 1377 58 1431 131
84 1375 388 1427 Polyscomace
416 1369 706 1420 integerrimo
740 1368 867 1422 (Tab.
897 1370 965 1410 VI.
994 1372 1082 1426 Fig.
1115 1377 1163 1427 1.)
1191 1388 1284 1413 vas-

16 1452 109 1492 cula
145 1454 257 1488 inter
292 1460 426 1499 poros
466 1459 538 1485 sex
579 1446 738 1483 anticos
779 1448 1099 1497 conspiciuntur
1133 1449 1282 1502 plura,

10 1540 84 1567 ⁴sex
112 1535 353 1577 septemve,
392 1535 560 1560 ramosa
600 1520 651 1558 ab
689 1516 769 1557 illis
798 1521 950 1570 procul
980 1524 1112 1563 dubio
1142 1535 1284 1564 ortum

16 1590 244 1654 capientia,
273 1611 373 1636 mox
400 1599 445 1635 in
474 1609 617 1634 arcum
647 1594 868 1645 abeuntia,
911 1612 935 1636 a
963 1613 1048 1652 quo
1077 1614 1148 1639 vas
1177 1600 1284 1639 late-

17 1678 103 1718 rale
130 1689 331 1730 magnum
358 1675 558 1726 utrinque
588 1672 834 1721 descendit,
879 1671 968 1712 basi
996 1677 1151 1714 iterum
1181 1690 1284 1716 arcu

18 1755 293 1806 c9nveniens,
321 1753 519 1803 intraque
549 1762 669 1788 arcus
697 1750 798 1788 istos
828 1750 1069 1791 terminales
1100 1761 1184 1792 tres
1214 1751 1284 1791 alii

21 1833 355 1882 conspiciuntur;
386 1839 532 1865 ornnes
561 1838 666 1864 vero
696 1825 882 1872 ramulos
911 1827 1118 1879 plurimos
1142 1843 1284 1868 ramo-³

23 1920 86 1948 sos
116 1908 332 1954 emittunt,
378 1914 426 1942 ut
463 1903 621 1941 fabrica
648 1904 727 1941 ista
753 1902 814 1940 nil
843 1903 1075 1959 elegantius
1105 1908 1285 1960 cogitari

22 1970 162 2036 Possit.
238 1981 349 2020 Vasa
377 1980 489 2019 dicta
517 1993 612 2018 cum
643 1991 754 2031 poro
782 1982 948 2031 postico
977 1994 1068 2021 non
1095 1996 1286 2022 commu·

20 2059 176 2108 nicant,
230 2057 307 2097 sed
344 2067 441 2096 ante
483 2055 666 2095 eundem
703 2058 951 2107 terminata,
1006 2059 1285 2112 quemadmo-

24 2134 118 2174 dum
151 2133 318 2175 vascula
345 2134 630 2172 Distomatum
667 2123 823 2186 porum
851 2134 1164 2176 subventralem
1190 2150 1282 2176 non

25 2211 188 2264 adeunt.
241 2210 290 2249 In
317 2209 606 2264 Polystomate
632 2221 860 2263 praeterea
881 2223 976 2251 ante
1004 2226 1162 2265 porum
1187 2225 1284 2250 cau-

27 2286 160 2327 dalem
186 2300 284 2339 pars
313 2289 498 2325 occurrit
526 2285 823 2338 crassiuscula,
865 2301 1021 2340 porum
1047 2291 1283 2338 mentiens,

27 2363 97 2414 sed
121 2365 166 2402 ni
194 2364 336 2409 omnia
363 2377 431 2401 me
458 2363 631 2414 fallunt,
661 2364 714 2403 ad
743 2363 945 2417 genitalia
972 2368 1201 2417 pertinens.

97 2439 277 2478 Materia
305 2452 431 2492 quam
459 2453 557 2478 vasa
591 2442 672 2479 ista
700 2443 943 2489 continent,
991 2444 1034 2479 in
1062 2444 1184 2481 variis
1212 2456 1283 2482 va-

25 2514 110 2563 rie,
155 2515 232 2554 sed
260 2514 411 2554 eadem
438 2516 482 2571 in
510 2519 649 2567 specie
686 2518 842 2556 eodem
870 2517 1004 2557 modo
1035 2520 1185 2558 tincta:
1240 2522 1283 2559 in

817 2593 852 2633 R
883 2608 906 2632 2
1135 2624 1141 2639 ,
