1801 3066
406 160 486 208 516

484 266 677 305 Taeniae
708 265 882 315 cujusvis
923 263 1087 303 articuli
1118 262 1269 312 ovula,
1314 252 1576 314 posteriores
1606 280 1675 305 au-i

386 352 494 388 Ι113111
521 338 778 392 ΠιεῐῇοῑανθΙ
804 349 967 380 matura
996 343 1238 389 continent,
1268 353 1347 377 nec
1379 353 1563 392 unquam
1591 343 1676 380 visa

409 427 494 465 est,
531 431 639 470 quae
669 430 785 467 mere
813 416 999 456 mascula
1020 414 1176 453 'haberi
1204 418 1437 467 potuisset,
1479 429 1502 453 e
1531 425 1678 454 contra

408 504 550 532 autem
586 493 776 532 lemnisci
803 495 927 531 variis
957 494 1085 540 varii,
1127 494 1172 529 in
1201 493 1351 542 Capite
1375 491 1677 542 ,praecedente

410 569 530 617 dicti,
558 582 639 620 pro
671 560 921 622 genitalibus
952 568 1144 608 masculis
1175 566 1375 614 habendi,
1407 567 1539 605 additi
1566 576 1676 606 sunt.

411 645 540 703 Seigus
573 659 675 700 ergo
705 656 885 697 uterque
916 646 1070 684 eodem
1098 646 1142 682 in
1171 642 1422 681 animalculo
1451 647 1675 694 reperitur,

407 733 594 773 numque
635 722 935 776 androgynum
974 731 1117 760 utrum
1165 716 1563 770 hermaphroditum
1599 722 1674 770 sit,

408 796 489 835 alia
518 799 653 836 oritur
681 800 884 851 quaestio.

485 873 663 911 Unicam
701 876 940 927 saepissime
975 875 1022 912 in
1064 872 1205 910 bestiis
1249 881 1408 910 tantum
1449 886 1674 912 occurrere

407 951 612 989 Taeniam
641 949 849 999 adultam,
880 948 1013 988 ovulis
1042 949 1228 996 foetam,
1256 947 1323 987 vel
1353 948 1567 988 Taeniolis
1598 952 1675 987 ini—

405 1028 550 1076 nimis,
596 1039 677 1078 pro
709 1026 900 1076 ejusdem
926 1024 1051 1078 prole
1079 1024 1310 1073 habendis,
1359 1029 1580 1076 stipatam,
1626 1035 1675 1064 ut

408 1101 500 1141 sola
537 1101 617 1140 sibi
664 1100 876 1142 suffecisse
914 1102 1130 1150 videatur,
1186 1104 1392 1140 Auctores
1442 1104 1708 1153 rectissime>

408 1178 581 1230 quidem
631 1187 831 1227 monent,
886 1177 967 1216 hoc
1004 1188 1145 1216 tamen
1195 1188 1488 1230 argumentum
1537 1176 1674 1215 solum

406 1255 582 1295 minoi-is
610 1254 725 1292 foret
751 1254 980 1305 ponderis,
1030 1267 1156 1304 saepe
1195 1257 1304 1291 enim
1332 1267 1523 1302 vermes,
1566 1267 1675 1306 quo-

406 1343 500 1367 rum
529 1343 647 1368 sexus
691 1330 858 1368 discreti
896 1339 1016 1377 sunt,
1069 1329 1242 1367 feminei
1271 1338 1433 1367 tantum
1460 1329 1675 1381 iidemque

409 1408 687 1457 copiosissimi
716 1416 758 1443 et
786 1406 949 1460 gravidi
978 1404 1154 1453 adsunt,
1182 1414 1230 1443 ut
1258 1408 1371 1443 coitu
1398 1414 1576 1456 peracto
1598 1404 1675 1444 ho·

408 1497 505 1520 rum
532 1497 669 1521 mares
707 1492 901 1521 mortuos
933 1481 1161 1520 decessisse
1191 1482 1461 1520 statuendum
1491 1484 1564 1528 sit;
1612 1484 1676 1524 in·-

408 1558 579 1597 terdum
609 1569 771 1607 autem„
806 1557 909 1596 licet
937 1556 1018 1596 hoc
1045 1556 1179 1595 multo
1207 1559 1342 1602 rarius
1372 1558 1555 1609 accidat,
1587 1573 1676 1598 ma-

406 1648 472 1673 res
503 1633 796 1672 tantummodo
824 1635 1117 1685 reperiuntur:
1168 1632 1356 1672 absentia
1392 1635 1534 1685 itaque
1573 1634 1674 1674 alte-

404 1711 489 1747 rius
519 1722 637 1748 sexus
666 1711 872 1747 vermium
900 1708 991 1748 sola
1019 1708 1122 1747 nihil
1148 1709 1313 1761 probat.
1368 1708 1542 1748 Fabrica
1568 1725 1672 1750 vero

405 1787 594 1824 Taeniae
614 1815 627 1834 ,
682 1796 833 1837 utpote
887 1787 1040 1824 vermis
1084 1785 1317 1839 longissimi
1376 1795 1418 1824 et
1464 1786 1675 1827 articulati

407 1871 608 1912 spectata,
634 1861 833 1901 articulos
864 1863 1051 1914 ejusdem
1078 1862 1289 1901 individui
1318 1875 1452 1914 aeque
1482 1860 1591 1901 bene
1625 1877 1674 1902 ae

407 1938 594 1976 (luorum
631 1940 745 1976 coire
787 1951 913 1990 posse
942 1949 1068 1992 patet.
1135 1939 1198 1978 Cl.
1226 1940 1455 1978 Werner
1486 1938 1539 1988 (l.
1569 1953 1601 1979 c.
1630 1954 1672 1992 p.

405 2016 495 2067 57.)
534 2017 720 2066 quemvis
760 2012 981 2054 articulum
1022 2018 1347 2067 conceptionem
1385 2017 1552 2054 interne
1581 2014 1674 2053 abs-

407 2104 492 2143 que
521 2093 635 2128 coitu
664 2090 906 2140 absolvere,
945 2092 1011 2130 vel
1041 2092 1165 2131 ovula
1192 2094 1236 2130 in
1265 2091 1419 2129 eodem
1448 2090 1672 2130 observan-

409 2167 463 2206 da
491 2169 549 2205 ita
576 2167 822 2205 foecundari
852 2177 1063 2217 autumat,
1119 2178 1166 2206 ut
1195 2167 1320 2206 ovula
1353 2169 1397 2204 in
1426 2166 1672 2205 oviductum

406 2243 476 2283 vel
503 2243 692 2282 canalem
718 2242 953 2281 flexuosum
983 2243 1137 2292 delata,
1166 2246 1210 2281 in
1230 2256 1327 2281 vase
1357 2243 1527 2281 tandem
1557 2257 1672 2282 com-

408 2321 538 2368 muni,
571 2321 637 2357 cui
659 2319 810 2357 canaliS
831 2321 1100 2370 spermaticus
1124 2321 1336 2376 inseritur,
1365 2317 1483 2370 hujus
1512 2322 1672 2384 seinine

408 2395 693 2447 perficiantur.
750 2396 842 2440 Hoc
873 2404 1011 2432 autem
1040 2404 1123 2432 tam
1154 2408 1338 2444 cornua,
1367 2405 1506 2444 setae,
1526 2395 1672 2447 ‹papil-

408 2469 476 2508 lae
507 2481 583 2509 ete.
624 2482 805 2520 exserta,
860 2484 1006 2509 verum
1046 2473 1203 2510 coitum
1238 2471 1488 2523 probantia,
1543 2486 1672 2525 quam
