1801 3066
1252 165 1301 218 67

103 266 246 305 uitalia
288 278 368 317 pro
421 261 681 307 dracunculis
726 260 891 308 vendit,
930 264 1067 314 rquod
1109 266 1299 318 plurimis

104 353 255 394 postea
294 341 478 392 contigit.
548 337 696 376 Icones
735 338 939 375 vermium
983 337 1168 380 habitum
1212 346 1301 396 qui-

105 418 201 456 dem
249 418 503 467 exprimunt,
557 412 633 452 sed
677 415 794 466 signa
845 409 1177 456 characteristica
1212 433 1300 458 non

102 494 297 532 reddunt.
352 489 475 530 Confi
505 503 542 528 n.
573 493 660 539 204.

51 581 137 619 207.
164 569 270 605 Ant.
309 567 572 613 Cromeri,
625 564 842 618 Chirurgi,
884 564 1043 618 gordiis
1071 565 1298 609 laborantis

104 642 158 681 de
185 641 335 682 iisdem
361 638 510 680 relatio
541 640 655 692 apud
681 640 980 692 VVepferum
1008 645 1052 679 in
1071 642 1175 694 Eph.
1205 646 1298 683 Nat.

102 722 199 758 Cur.
227 719 331 757 Dec.
361 729 395 754 2.
424 719 531 755 Ann.
563 731 623 756 10.
651 730 693 768 p.
721 722 920 767 315-517.
952 717 975 742 *
1030 720 1105 756 Vir
1124 732 1183 757 rex
1201 719 1300 758 Gui-

100 808 181 832 nea
217 792 349 831 redux
385 791 515 831 bonas
551 791 728 846 lai-gitur
767 785 1079 836 observationes
1119 795 1173 835 de
1206 810 1301 835 ver-

99 870 234 909 mibus
271 879 398 920 saepe
447 869 677 907 diutissime
723 867 879 920 absque
917 876 1070 922 magna
1106 871 1300 915 molestia

99 945 175 984 sub
213 953 307 983 cute
336 943 702 994 delitescentibus,
755 944 892 996 deque
928 944 1045 984 malis
1076 946 1125 985 ab
1153 949 1300 989 iisdem

102 1024 294 1060 excitatis.

50 1103 136 1143 298.
165 1095 380 1150 Engelb.
409 1095 724 1149 Kaempferi
751 1097 860 1137 Diss.
880 1099 1019 1152 inaug.
1049 1100 1194 1139 sistens
1213 1102 1300 1140 De-

101 1174 245 1213 cadem
268 1173 607 1213 observationum
637 1176 903 1212 exoticarum.
932 1175 1164 1227 Lugd.Bat.
1189 1177 1301 1229 1694.

97 1250 327 1289 Modeer.
368 1249 487 1288 Obss.
528 1249 583 1290 de
621 1249 897 1291 Dracunculis
936 1253 981 1289 in
1007 1250 1164 1291 librum
1191 1255 1300 1292 inse-

99 1336 298 1377 quentem
324 1327 516 1365 redeunt.

49 1414 138 1452 209.
165 1402 476 1439 Amoenitatum
505 1402 760 1438 exoticarum
786 1392 1301 1454 poIitico-physico—me-

103 1476 314 1523 dicarum,
359 1475 557 1513 Fasciculi
584 1477 634 1512 V.
675 1485 783 1512 auct.
820 1474 1079 1525 Engelberto
1118 1479 1298 1516 Kaem-

98 1551 263 1603 pfero.
292 1548 491 1602 Lemgov.
524 1561 634 1598 1712.
663 1553 697 1598 4.
729 1563 823 1586 cuin
854 1549 962 1586 tabb.
996 1563 1086 1588 aen.
1115 1551 1141 1576 '⁶‘
1173 1553 1295 1597 fasc.

98 1625 168 1664 111.
207 1622 308 1664 Obs.
343 1629 381 1674 4.
460 1623 752 1663 Dracunculus
801 1637 1017 1675 persarum
1062 1628 1106 1663 in
1154 1625 1297 1667 littore

100 1703 212 1739 sinus
250 1702 403 1752 persici
435 1712 477 1752 p.
516 1704 737 1749 524*535.
800 1701 891 1748 Bis,
931 1700 1050 1752 quod
1089 1704 1298 1742 rarissime

102 1779 261 1824 evenit,
296 1778 437 1815 vivum
474 1784 524 1814 ex'
557 1775 649 1814 Afri
687 1786 727 1816 et
754 1777 904 1815 Persae
932 1790 1033 1815 cavo
1075 1781 1200 1816 scroti
1230 1793 1297 1819 ex—

102 1851 289 1900 trahere,
343 1852 533 1903 Kaemp
546 1851 667 1891 fero
721 1855 924 1906 contigit„
985 1856 1057 1906 qui
1107 1858 1295 1893 omnium

102 1933 260 1981 optime
289 1928 342 1967 de
363 1928 512 1966 eodem
543 1931 635 1981 egit.
690 1927 868 1967 Rostelli
896 1928 971 1967 sub
999 1932 1170 1970 nomine
1197 1945 1295 1982 par-

99 2014 183 2045 tem
206 2007 358 2044 vermis
387 2006 620 2044 'tenuiorem
651 1999 870 2054 describit,
916 2005 1106 2045 mihimet
1142 2003 1295 2046 adhuc-

101 2082 203 2121 dum
241 2079 462 2119 obscuram
473 2102 487 2128 ,-
530 2093 608 2119 nec
644 2083 690 2119 in
716 2080 924 2120 vermibus
962 2084 1007 2121 in
1034 2086 1184 2134 spiritu
1211 2086 1295 2122 vini

102 2160 375 2206 conservatis,
434 2157 585 2208 passim
639 2170 662 2194 a
708 2171 776 2196 me
824 2161 942 2207 visis,
1009 2157 1294 2209 observatam,

101 2244 227 2286 quam
273 2232 342 2272 alii
389 2240 558 2286 quoque
604 2243 753 2272 tacent.
816 2235 983 2287 Duplex
1041 2239 1194 2275 ostium
1240 2237 1296 2274 ad

101 2308 286 2348 radicem
328 2309 483 2349 scilicet
523 2303 705 2359 rostelli,
769 2322 812 2351 et
859 2315 903 2351 in
955 2312 1115 2350 cafidae
1163 2308 1291 2364 apice.

101 2387 209 2425 Fuse
248 2381 302 2424 de
327 2384 452 2435 locis,
488 2389 533 2424 in
560 2386 710 2440 quibus
739 2391 947 2435 occuri·it,·
986 2388 1040 2428 de
1067 2388 1224 2428 morbis
1254 2400 1295 2427 et

102 2462 279 2502 medela.
622 2451 631 2464 ⁵

836 2540 920 2578 Ea
