1801 3066
1217 160 1295 208 427

28 270 168 300 autem
196 269 369 311 recepta
396 261 463 307 sit,
493 267 534 296 et
559 258 606 294 in
633 254 810 294 homine
827 254 972 295 locum
998 271 1089 299 non
1116 259 1293 310 habere,

26 335 200 389 patebit.

133 411 163 450 I.
193 405 670 458 Echinorlcynclcorum
698 417 830 459 genus
867 403 1128 457 proboscide
1159 425 1295 452 exser-

28 487 92 525 tili
121 487 240 524 uncis
269 483 502 523 retroflexis
534 491 704 529 armata,
735 481 971 535 eademque
991 483 1186 534 simplici,
1220 489 1295 525 Te-

29 561 395 612 trarlcynclcormn
433 568 573 597 autem
608 556 874 609 quadruplici
910 561 1184 607 instructum,
1223 561 1294 598 be-

28 640 203 676 stiarum
234 633 520 677 ‚ventriculum
557 641 598 671 et
631 634 833 670 intestina
876 633 1080 673 facillimo
1115 637 1293 687 negotio

26 713 231 765 perfodit.
299 711 390 748 Suis
432 709 631 746 intestina
669 721 759 746 non
801 722 898 747 raro
934 708 1294 764 Echinorhyncho

29 792 251 842 giganteo,
281 788 417 826 avium
437 786 636 822 intestina
663 786 927 836 pisciumque
946 772 1170 836 praeterea
1194 799 1298 825 ven-

29 863 226 902 triculum
261 860 482 913 speciebus
516 859 751 898 minoribus
798 862 1043 911 saepissime
1079 860 1298 913 perforata

31 938 314 977 observamus.
377 936 666 975 Pleuronectis
703 935 813 973 Flesi
845 936 1125 974 ventriculum
1168 951 1297 989 saepe

28 1010 387 1067 Echinorhynchis
426 1011 627 1058 farctum,
665 1012 855 1048 omnium
901 1019 1041 1049 autem
1072 1012 1299 1063 probosci-

32 1090 106 1128 des
136 1090 296 1127 tunicas
327 1087 515 1138 ejusdem
545 1095 844 1138 transgressas;
876 1096 1045 1125 anatum
1066 1096 1108 1126 et
1136 1089 1298 1142 anguil-

28 1165 96 1203 lae
123 1166 321 1205 intestina
338 1161 530 1213 plurimis
559 1175 688 1212 saepe
714 1161 837 1210 locis,
867 1171 910 1199 et
926 1164 986 1200 ita
1006 1164 1181 1215 quidem
1199 1179 1299 1217 per-

29 1240 168 1279 forata
187 1239 290 1286 vidi,
310 1248 356 1275 ut
375 1250 465 1276 non
484 1236 621 1275 solum
639 1235 878 1287 proboscis,
900 1237 978 1276 sed
1004 1241 1134 1277 etiam
1149 1239 1301 1292 sphae-

32 1315 124 1354 rula
153 1313 284 1367 (Tab.
312 1313 387 1357 IV&
414 1313 504 1365 Fig.
532 1316 570 1362 4.
601 1310 667 1361 b.)
709 1311 861 1350 eadem
888 1315 1142 1365 trajecerint.
1195 1316 1301 1358 Inde

36 1393 165 1430 'etiam
192 1389 262 1437 fit,
297 1397 344 1426 ut
378 1388 510 1426 iiuem
538 1399 700 1426 vermes
733 1386 982 1439 Frequenter
1010 1400 1123 1430 extra
1153 1392 1300 1438 tubum

36 1465 241 1504 cibarium
271 1474 314 1503 et
347 1466 394 1502 in
427 1466 521 1515 ipso
561 1461 799 1499 abdominis
842 1477 972 1513 cavo,
1016 1465 1085 1504 vel
1111 1469 1301 1508 intestini

36 1543 205 1580 tunicae
235 1550 452 1586 externae,
480 1538 547 1577 vel
577 1547 750 1576 omento
760 1566 774 1586 ,
803 1535 871 1577 vel
899 1540 989 1578 aliis
1016 1541 1206 1592 partibus
1235 1546 1300 1583 in-

35 1616 119 1665 fixi,
150 1614 440 1654 observentur.

144 1691 415 1744 Quocunque
449 1702 552 1727 vero
589 1689 664 1727 tali
698 1691 744 1728 in
773 1703 871 1728 casu
909 1701 994 1728 tam
1028 1692 1302 1743 ventriculus,

38 1780 165 1820 quam
193 1767 409 1812 intestina,
437 1764 628 1814 plurimis
656 1764 757 1803 licet
783 1764 889 1804 locis
918 1767 1159 1817 perforata,
1191 1781 1303 1809 cete-

38 1856 133 1881 rum
160 1840 272 1879 salva
302 1850 343 1878 et
369 1839 577 1877 naturalia
605 1850 828 1893 apparent,
857 1854 938 1878 nec
958 1826 1301 1884 inflammationis

40 1917 143 1955 inde
188 1916 393 1969 oriundae
440 1915 507 1954 vel
546 1914 803 1952 levissimum
846 1912 1027 1954 habetur
1066 1922 1302 1973 vestigium.

39 1991 212 2043 Duplici
241 1992 324 2030 hoc
350 1994 517 2030 ratione
548 1989 797 2041 explicatur:

142 2069 339 2120 primum
368 2069 480 2105 enim
507 2066 744 2117 perforatio
781 2068 860 2105 ista
885 2080 977 2107 non
1012 2071 1095 2108 nisi
1122 2070 1305 2111 lentissi-

199 2157 268 2182 me
298 2143 548 2188 absolvitur;

147 2218 340 2256 secundo
371 2229 512 2257 autem
537 2220 711 2257 nonnisi
738 2220 990 2258 tenuissimis
1011 2220 1057 2258 fit
1079 2223 1307 2271 uncinulis,

201 2294 475 2345 utplurimum
511 2293 786 2347 microscopii
823 2305 985 2333 tantum
1023 2310 1108 2348 ope
1138 2303 1309 2350 conspi-

207 2372 306 2409 cuis.

49 2445 318 2484 Proboscidis
338 2447 526 2493 uncinuli
552 2448 728 2488 villosae
746 2450 921 2486 immissi
949 2446 1059 2487 hanc
1081 2451 1307 2502 trajiciunt,
