1801 3066
1225 179 1306 229 457

50 277 116 324 sit,
148 278 263 325 cujus
292 275 445 328 passim
477 271 669 326 exempla
698 284 923 313 occurrunt
952 273 1078 328 (Bibl.
1105 287 1149 319 n.
1175 280 1282 332 576.)
1292 309 1307 330 ‚

47 351 313 404 plurimaque
360 353 565 389 vermium
603 353 778 389 istorum
815 348 936 387 valde
983 364 1308 401 numerosorum

45 428 332 465 Werncrus
361 428 505 478 (Brev.
528 428 823 478 exp03.p.83.)
854 422 1044 480 collegit:
1073 430 1161 478 ipse
1183 431 1308 470 Asca-

44 501 180 540 sidem
219 501 370 540 dictam
407 504 650 553 saepissime
689 500 738 540 ab
778 502 960 553 aegrotis
1001 501 1205 552 dejectam
1241 506 1309 546 vel

45 578 89 613 in
119 576 387 615 cadaveribus
419 592 441 616 a
468 592 536 616 me
566 576 775 625 dissectis,
814 588 1034 629 nunquam
1071 587 1210 616 autem
1239 595 1309 619 co-

43 652 116 700 pia
143 650 265 689 valde
293 667 444 706 magna
471 654 579 700 vidi,
618 655 760 691 omnia
799 653 909 692 enim
940 650 1134 690 omnibus
1163 655 1308 694 videre

44 737 136 764 non
165 729 381 781 contingit.
435 726 484 764 In
512 726 652 765 bestiis
680 740 843 765 vermes
874 740 1001 778 saepe
1032 730 1156 778 copia
1185 742 1309 767 enor-

45 802 103 838 mi
119 813 357 850 occurrunt,
379 802 495 854 quod
513 802 550 838 K
563 802 900 855 erckringius
919 801 1038 854 (Bibl.
1056 815 1097 840 n.
1115 807 1219 853 123.)
1241 818 1310 842 er<-

45 887 189 928 perrus
212 888 285 925 est,
314 880 661 929 ipsepraesertim
674 879 719 915 in
742 877 883 916 avibus
901 888 941 916 et.
962 878 1133 931 quidem
1150 882 1310 932 aquati-

47 953 103 989 cis
135 951 362 991 observavi.
416 954 638 1000 sumerum,
667 954 864 1001 Anatum,
895 962 936 990 et
956 952 1220 992 Gallinarum
1247 957 1310 994 in-

47 1030 197 1065 testina
235 1042 361 1079 saepe
388 1029 560 1066 Taeniis
595 1028 729 1065 farcta
756 1027 863 1075 vidi,
911 1028 1030 1079 quod
1058 1038 1197 1067 autem
1226 1031 1311 1069 Co-

43 1101 208 1156 lymbus
237 1098 782 1153 septentrionalis'exhibuit
806 1102 1108 1154 spectaculum,
1139 1117 1309 1144 omnem

45 1176 174 1222 fidem
201 1177 291 1215 sere
320 1189 503 1229 superat.

150 1253 197 1290 In
226 1251 304 1290 hac
335 1255 445 1290 enim
474 1265 548 1291 ave
577 1263 662 1291 tam
689 1255 956 1302 intestinum,
999 1267 1125 1307 quam
1152 1258 1309 1292 ventri-

48 1328 165 1367 culus
195 1337 237 1366 et
266 1327 553 1382 oesophagus,
584 1327 638 1366 ad
665 1330 774 1379 ipsas
802 1329 945 1367 fauces
974 1342 1129 1380 usque,
1157 1332 1310 1367 vermi-

48 1403 124 1442 bus
156 1403 442 1447 abundabfflm
482 1406 678 1442 intestina
705 1404 855 1442 iisdem
890 1414 1114 1455 tantopere
1142 1406 1311 1457 turgida

47 1490 93 1517 et
126 1479 281 1517 referta
320 1490 458 1528 erant,
494 1491 561 1528 ut,
592 1493 674 1531 qua
704 1482 940 1531 aperirem,
977 1480 1157 1517 Taenias
1196 1482 1310 1529 (sive

9 1565 12 1569 '
47 1553 453 1605 Bothriocephalos)
481 1554 719 1599 laederem;
748 1553 1017 1605 ventriculus,
1046 1553 1144 1593 licet
1172 1559 1310 1595 tunica

50 1632 135 1683 ejus
164 1632 330 1667 interna
356 1643 436 1681 pro
468 1629 672 1680 ejusmodi
701 1632 839 1668 avium
866 1643 985 1668 more
1015 1630 1122 1668 dura
1151 1641 1192 1668 et
1219 1631 1311 1670 fere

50 1705 319 1759 cartilaginea
347 1708 398 1744 sit
406 1735 419 1755 ,
457 1693 646 1757 midique
673 1704 884 1744 vermibus
915 1714 1026 1742 arcte
1057 1704 1239 1755 obsitus,
1271 1716 1312 1760 et

50 1781 316 1834 oesophagus
333 1810 342 1826 ‚
379 1784 452 1833 qui
481 1780 578 1819 alias
606 1795 738 1819 unum
767 1780 1019 1829 alterumve,
1060 1783 1311 1833 saepiusque

49 1856 213 1899 nullum
243 1854 428 1904 exhibet,
474 1854 704 1906 plurimos,
754 1855 917 1909 aliquot
945 1865 1059 1895 certe
1087 1859 1309 1904 centurias,

51 1931 308 1971 continebat.
391 1932 598 1971 Aderant:
659 1945 691 1970 1.
720 1931 1125 1985 Boclcrioceplmlus
1169 1931 1311 1969 nodo-

50 2021 121 2047 sus
150 2009 338 2058 (Taenia
372 2006 609 2046 lanceolata
644 2008 808 2046 nodosa
845 2006 1110 2058 Blochii),
1154 2010 1309 2047 vermis

50 2086 146 2122 satis
177 2097 350 2133 crassus,
379 2094 461 2122 tres
492 2093 722 2136 quatuorve
741 2082 871 2121 lineas
898 2082 1020 2130 latus,
1050 2093 1131 2122 tres
1161 2084 1214 2122 ad
1241 2098 1312 2123 sex

50 2159 227 2218 pollices
255 2159 429 2213 longus;
460 2158 526 2197 hic
553 2158 755 2210 plurimas
783 2159 861 2197 sibi
889 2158 1129 2198 vindicabat
1155 2169 1309 2210 partes,

53 2246 95 2276 et
124 2250 147 2274 a
174 2235 361 2274 faucibus
392 2236 445 2274 ad
473 2235 659 2273 cloacam
686 2249 841 2289 usque,
881 2236 927 2272 in
955 2249 1038 2287 qua
1067 2244 1162 2273 octo
1191 2233 1310 2273 volu-

53 2311 265 2360 tabantur,
309 2313 619 2362 copiosissimus
663 2321 763 2350 erat.
845 2325 881 2349 2.
918 2311 1311 2364 Bochrioceplmlus

23 2394 26 2399 “
52 2385 422 2438 macroceplcalus
483 2388 679 2439 (Taenia
737 2389 960 2425 immerina
1025 2385 1310 2440 Abilgaar-

54 2458 202 2515 dii),
264 2460 401 2500 lineae
457 2463 622 2500 tertiam
671 2463 941 2502 dimidiamve
981 2471 1146 2517 partem
1185 2461 1308 2510 latus,
