1801 3066
1253 157 1331 199 365

0 295 4 304 ,
36 304 38 306 ,
70 268 275 313 instituta,
304 278 463 305 vermes
489 266 532 302 in
569 261 753 314 piscibus
791 265 918 300 coctis
946 275 1112 316 semper
1138 276 1331 304 mortuos

63 355 151 382 esse
187 342 390 394 probant,
438 343 615 392 ipseque
662 337 1043 388 Tricuspidariam,
1085 344 1194 381 vitae
1234 344 1331 381 alias

61 421 155 457 satis
186 429 396 464 tenacem,
424 417 467 453 in
494 428 647 467 percae
677 413 830 466 hepate
860 414 1020 466 cystide
1047 417 1264 465 inclusam,
1290 423 1335 460 in

66 494 250 546 piscibus
281 496 406 531 coctis
434 494 675 543 saepissime
704 493 935 530 examinavi
963 499 1004 529 et
1032 503 1197 544 semper
1224 510 1336 536 mor.

64 580 177 608 tuam
209 569 304 608 vidi.
376 570 465 608 Nec
505 567 652 614 omia,
690 569 725 605 si
763 566 818 604 ad
846 566 951 604 haec
978 566 1171 620 refugere
1198 552 1361 621 mmm«

62 645 212 685 caloris
257 647 435 701 gradum
479 645 556 683 sub
595 646 791 682 coctione
821 642 1032 697 vulgarem
1060 643 1170 682 ferre
1197 657 1336 696 posse,

61 723 150 761 ullo
180 725 311 763 modo
339 721 596 775 probabile,
628 734 725 757 cum
754 722 845 771 ipsa
872 719 1081 758 vermibus
1110 721 1249 760 adhuc
1279 733 1338 761 te-

48 803 231 844 ,neriora
278 804 375 854 sint.
456 798 518 836 Ex
557 800 672 849 pisce
709 799 851 848 itaque
888 795 995 834 bene
1025 806 1147 835 cocto
1175 799 1340 838 nullum

65 886 178 914 certe
204 876 461 927 periculum,
492 877 525 911 si
553 876 677 926 piscis
704 884 842 912 autem
868 875 1130 921 semicoctus,
1160 876 1278 928 quod
1295 878 1340 915 in

66 952 215 991 Suecie
246 951 347 989 olim
375 953 541 1003 saepius
559 951 754 989 accidisse
775 950 941 996 dicitur,
970 951 1222 999 comeditur,
1251 965 1341 990 ver-

64 1043 151 1067 mes
193 1029 403 1079 ejusdem,
450 1028 516 1066 vel
563 1027 687 1065 orula
724 1028 954 1074 vermium,
1006 1040 1158 1079 corpus
1194 1027 1341 1066 huma-

69 1119 172 1144 num
200 1108 355 1143 intrare
395 1115 434 1143 et
461 1107 505 1142 in
536 1098 692 1142 eodem
728 1102 871 1156 aliquo
901 1112 1093 1154 tempore
1123 1116 1341 1155 superesse

66 1196 217 1235 posse,
262 1195 347 1220 non
387 1183 642 1234 negaverim.
713 1181 950 1219 Montini
986 1181 1130 1219 saltem
1173 1194 1286 1218 casus
1318 1194 1342 1219 a

67 1272 171 1297 vero
203 1271 292 1296 non
323 1257 480 1295 alienus
510 1262 699 1301 videtum
735 1257 1018 1294 Martinum
1048 1266 1190 1294 autem
1218 1259 1342 1295 nimis

71 1335 318 1379 credulum,
365 1333 508 1371 forsan
537 1331 981 1387 hypochondriflcum,
1025 1346 1175 1370 vanam
1203 1332 1345 1371 morbi

67 1413 277 1462 speciem,
323 1418 395 1446 aut
423 1409 640 1447 Ascarides
684 1408 977 1447 vermiculares
1020 1422 1116 1446 cum
1155 1409 1344 1459 eperlani

67 1486 302 1525 vermiculis
326 1485 548 1530 confusas,
579 1485 806 1524 debellasse
834 1485 1100 1524 crediderim.
1155 1486 1221 1522 De
1249 1499 1344 1538 gor·

68 1562 139 1600 dio
171 1561 417 1613 argillaceo,
449 1574 577 1613 quem
609 1569 850 1612 nuncupat,
893 1573 1030 1598 sermo
1062 1570 1150 1598 esse
1177 1565 1341 1613 nequit,

3 1674 12 1680 ,
67 1638 140 1676 sed
159 1640 293 1688 -piscis
323 1640 512 1685 Asceris,
554 1637 755 1675 Filariave
782 1636 931 1681 fuerit,
963 1635 1087 1686 talem
1114 1639 1158 1673 in
1189 1649 1341 1689 corpo-

65 1727 112 1752 re
140 1713 327 1752 humano
356 1714 624 1766 multiplicari
652 1715 862 1765 potuisse,
892 1712 1016 1750 fidem
1048 1722 1225 1764 superat.

175 1790 470 1841 Experimenta
500 1791 679 1838 directa,
719 1790 871 1842 quibus
899 1790 1106 1828 Auctores
1146 1803 1248 1828 num
1287 1789 1344 1828 al-

70 1869 200 1905 terius
233 1869 420 1904 animalis
450 1880 608 1905 vermes
645 1869 687 1903 in
726 1866 901 1904 alterum
931 1868 1204 1917 transportari
1234 1875 1274 1904 et
1300 1869 1344 1903 in

70 1945 223 1982 eodem
254 1945 334 1980 vivi
363 1945 597 1981 conservari
623 1946 806 1994 possint,
847 1945 1044 1981 certiores
1082 1942 1172 1980 fieri
1203 1945 1343 1981 conati

69 2029 187 2066 sunt,
217 2029 387 2071 praeter
412 2024 583 2058 unicum
613 2019 664 2068 ab
693 2019 1056 2074 Abil'gaardio
1087 2021 1341 2067 institutum,

39 2101 43 2106 ”
71 2110 266 2135 successu
308 2106 551 2144 caruerunt,
594 2105 643 2133 ut
681 2099 881 2151 negativis
911 2099 1073 2134 omissis
1104 2110 1226 2134 suum
1255 2106 1344 2134 tan-

70 2181 159 2210 tum
188 2172 378 2210 referam.
433 2172 514 2210 Iste
541 2175 740 2211 nimirum
777 2173 853 2212 cel.
891 2175 953 2211 vir
989 2172 1109 2222 (Bibl.
1138 2182 1268 2211 nostr.
1299 2186 1352 2211 n„

70 2328 148 2352 tum
177 2328 211 2350 et
232 2316 501 2364 quinquaginta
517 2316 652 2364 *gradus
681 2318 870 2359 calefacta,
896 2332 1034 2354 vermes
1061 2318 1198 2352 mortui
1226 2330 1340 2357 erant.

69 2374 238 2409 Piscibus
268 2375 392 2421 itaque
415 2374 591 2420 frigidae,
620 2387 659 2410 ut
687 2377 906 2425 plerumque
934 2377 994 2417 fit,
1032 2377 1203 2411 immissis
1231 2389 1264 2413 et
1292 2377 1344 2411 sic

73 2432 207 2471 coctis,
235 2445 371 2465 vermes
410 2434 627 2481 neutiquam
668 2435 779 2468 vitam
829 2436 1126 2476 conservabunt,
1168 2450 1342 2483 maguum

73 2490 173 2524 enim
199 2490 358 2524 calorem
384 2484 524 2526 diutius
550 2505 629 2526 non
655 2492 788 2530 ferunt.
