1801 3066
465 193 545 235 258

467 291 593 336 simul
633 288 841 339 evanido,
880 288 957 328 sed
983 289 1150 342 saepius
1181 298 1333 340 aucto,
1373 289 1431 330 ita
1458 287 1504 328 in
1531 289 1744 332 Distoma-

468 380 560 412 tum
601 371 843 417 minorum,
898 369 1152 419 praesertim
1183 369 1229 406 in
1265 365 1452 419 piscibus
1497 365 1745 423 obviorum,

469 450 589 502 poris
625 447 789 500 magnis
837 443 979 492 forma
1016 455 1146 495 quam
1192 445 1373 482 maxime
1409 442 1647 493 mutabilis,
1699 446 1749 482 ut'

468 526 586 572 idem
612 536 745 576 porus
773 533 872 560 mox
899 518 1075 572 planus,
1113 531 1214 558 mox
1242 518 1509 572 sphaericus,
1548 522 1751 574 margini-.

469 601 547 641 bus
586 598 655 639 vel
692 596 854 637 inflexis
892 593 959 634 vel
1007 593 1221 647 replicatis
1268 605 1496 647 appareat,
1549 611 1650 637 mox
1687 599 1750 636 in-

468 687 657 718 trorsum
697 673 847 712 ductus
889 670 982 710 fere
1021 670 1336 721 abscondatur,
1389 687 1490 712 mox
1525 685 1748 727 protrusus

468 752 612 794 infima
662 760 827 789 tantum
877 746 968 786 basi
1017 760 1114 786 cum
1156 760 1340 801 corpore
1392 748 1649 804 cohaereat,
1709 761 1751 792 et

469 826 743 884 sphaerulam
772 839 796 864 a
816 833 974 864 ‘ventre
1001 824 1352 878 propendentem
1380 829 1508 868 sistat.

548 905 684 945 Fibris
732 899 1115 957 longitudinalibus
1156 904 1202 942 in
1247 916 1370 942 usum
1415 907 1578 946 vocatis
1617 919 1749 959 porus

468 979 759 1038 planiusculus
789 978 983 1018 redditus
1012 980 1151 1031 parti,
1207 982 1274 1019 cui
1304 979 1605 1033 adhaerescat,
1661 982 1751 1022 basi

468 1064 640 1100 interna
668 1057 946 1104 admovetur,
981 1054 1096 1094 fibris
1125 1069 1231 1096 vero
1262 1055 1535 1099 circularibus
1564 1069 1656 1099 tum
1684 1073 1750 1099 su-

468 1138 562 1176 bito
594 1135 846 1181 contractis,
875 1141 1044 1184 partem
1072 1134 1197 1171 istam
1226 1133 1496 1195 amplectitur
1506 1138 1531 1186 ,'
1561 1138 1749 1190 aereque

469 1212 593 1255 :nullo
621 1208 938 1257 intercedente,
967 1207 1206 1249 firmissime
1234 1220 1363 1250 tenet.
1418 1210 1581 1251 Eadem
1608 1214 1750 1266 itaque

470 1292 665 1336 ratione,
715 1273 800 1339 qua
829 1287 965 1323 omnis
996 1288 1130 1325 suctio
1160 1285 1233 1335 fit,
1284 1299 1369 1339 qua
1396 1286 1577 1328 infantes
1605 1293 1748 1328 matris

471 1365 609 1406 ubera
645 1377 746 1411 ore,
803 1374 888 1415 qua
922 1361 1077 1414 Sepiae
1117 1375 1305 1415 corpora
1333 1366 1503 1416 quaevis
1542 1365 1751 1420 calycibus

472 1446 555 1482 suis
587 1438 827 1488 attrahunt,
865 1438 1129 1478 Trematoda
1159 1441 1285 1479 etiam
1314 1453 1359 1479 se
1389 1439 1578 1496 affigunt.
1633 1443 1752 1497 Haec

472 1532 579 1574 ergo
618 1520 737 1570 poris
779 1516 900 1555 dictis
938 1529 1014 1554 usa
1048 1518 1235 1569 primum
1272 1516 1373 1557 loco
1404 1517 1596 1567 cuidam,
1623 1532 1687 1579 ,³⁴
1720 1535 1751 1556 c.

472 1593 705 1650 aqualiculi
732 1595 1037 1632 ruminantium
1064 1592 1257 1645 papillis,
1292 1593 1371 1632 fixa
1398 1592 1624 1635 inhaerere
1652 1608 1753 1647 pos-

474 1683 595 1722 sunt,
638 1684 695 1710 ne
723 1682 819 1708 cum
845 1666 1005 1721 pabulo
1035 1671 1228 1722 ingesto,
1265 1669 1334 1709 vel
1363 1668 1515 1725 chymo
1543 1669 1753 1710 faecibus-

471 1763 526 1796 ⁴ve
556 1749 759 1788 deorsum
789 1754 881 1784 acta
910 1754 1213 1792 excernantur;
1249 1746 1345 1784 dein
1375 1755 1515 1785 motus
1545 1759 1643 1785 suos
1673 1747 1754 1786 sal-

473 1835 561 1864 tem
590 1823 798 1876 plurimos
828 1824 887 1860 ita
917 1820 1073 1870 ed‘tmt,
1120 1831 1168 1860 ut
1194 1825 1308 1875 parti
1338 1822 1508 1862 cuidam
1535 1836 1648 1875 poro
1679 1837 1752 1863 an-

473 1905 560 1941 tico
592 1899 726 1940 adfixa
755 1899 949 1951 corporis
977 1909 1145 1950 partem
1172 1901 1380 1952 posticam
1409 1897 1634 1951 attrahant,
1663 1910 1753 1939 tum

474 1975 553 2017 hac
583 1989 809 2030 appressa,
841 1973 909 2014 vel
939 1975 1091 2014 eadem
1119 1976 1188 2016 vel
1214 1990 1328 2030 poro
1357 1979 1527 2031 postico
1558 1987 1629 2016 aut
1655 1976 1753 2017 sub-

472 2053 653 2095 ventrali
694 2055 859 2102 innixa,
917 2055 1100 2092 anticum
1139 2063 1389 2103 amoveant,
1445 2063 1487 2093 et
1528 2051 1612 2092 alio
1651 2052 1750 2093 loco

474 2131 662 2172 eundem
711 2128 968 2182 applicando
1017 2129 1374 2185 progrediantur;
1429 2127 1498 2169 vel
1534 2131 1641 2182 pori
1672 2129 1749 2169 sub

472 2207 659 2247 :motibus
687 2208 812 2246 variis
854 2216 897 2244 et
923 2204 1125 2245 violentis
1156 2219 1238 2246 ova
1277 2219 1352 2245 sua
1381 2205 1536 2255 edant,
1584 2219 1669 2259 qua
1696 2207 1750 2248 de

472 2298 521 2325 re
547 2286 593 2324 in
622 2285 759 2337 capite
787 2291 995 2337 sequente
1023 2282 1239 2329 tractab0;
1274 2282 1448 2322 tandem
1477 2284 1605 2322 etiam
1631 2286 1750 2336 poris

474 2360 722 2402 alimentum
751 2370 793 2399 et
820 2357 1018 2399 hauriunt
1048 2370 1090 2399 et
1118 2361 1293 2412 corpori
1321 2356 1549 2399 advehunt.

551 2438 589 2477 A
615 2439 716 2490 pori
751 2437 862 2475 enim
892 2438 1018 2474 antici
1047 2438 1145 2488 (aut
1180 2448 1412 2488 pororum,
1469 2437 1503 2474 si
1529 2435 1676 2489 plures
1698 2439 1748 2476 in

451 2517 597 2566 'parte
621 2514 757 2555 antica
787 2511 967 2566 dentur)
993 2511 1084 2553 basi
1112 2526 1184 2554 vas
1214 2511 1451 2552 solitarium
1479 2521 1550 2553 aut
1577 2512 1746 2554 vascula
1800 2550 1801 2569 ἦ
