1801 3066
1240 183 1320 231 319

56 248 252 332 replere,
280 277 381 316 inde
409 276 521 315 hunc
549 287 724 328 quoque
757 271 810 311 ab
839 276 1118 317 antecedente
1146 281 1319 321 tandem

55 355 162 395 solvi
191 366 233 394 et
262 353 496 399 decedere,
543 354 646 403 quin
676 360 717 389 et
746 348 868 388 simul
895 354 1058 402 rumpi,
1097 365 1142 392 ut
1171 356 1318 395 ovulo-

54 447 150 471 rum
186 445 266 483 per
301 429 497 468 foramen
524 426 758 480 marginale
785 438 995 465 secessum
1024 437 1112 464 tum
1142 435 1317 471 omnino

57 507 320 560 superfluum
368 504 644 547 crediderim;
701 512 796 541 ante
842 502 944 540 tales
998 513 1137 542 autem
1187 510 1320 545 ovarii

52 570 334 630 mutationes,
373 580 429 620 ob
461 579 650 633 ejusdem
680 578 1074 630 complicationem,
1103 581 1169 618 vix
1195 582 1320 619 undi-

17 692 29 696 -
53 673 136 712 que
176 660 230 697 ad
268 658 478 696 foramina
515 654 764 707 marginalia
800 657 948 693 venire
981 666 1196 707 poterunt.
1269 657 1320 696 In

53 737 313 788 paucissimis
362 745 463 786 ergo
501 741 669 782 partum
704 744 782 782 per
823 731 1030 770 foramina
1068 731 1320 786 marginalia

58 812 252 850 accidere
282 809 608 855 autumaverim,
666 816 707 845 et
735 807 789 845 de
817 810 907 859 ipsa
946 808 1141 846 Goezii
1173 807 1319 847 obser-

54 891 223 926 vatione
253 900 304 925 eo
333 888 463 938 magis
494 882 645 921 dubius
675 897 790 932 sum,
847 896 905 921 uo
936 886 1100 934 saepius
1131 886 1321 924 Taeniae

53 961 315 1002 lanceolatae
362 963 451 1000 ovis
488 962 658 998 maturis
701 959 845 998 foetae
889 958 1087 998 articulos
1127 960 1315 1013 singulos

55 1022 254 1079 decidere
283 1037 619 1084 observaverim,
658 1046 705 1074 ut
736 1033 809 1074 tali
839 1044 952 1074 certe
983 1035 1209 1075 ovulorum
1237 1050 1317 1088 per

53 1116 511 1159 foraminavemissione
539 1126 628 1150 non
664 1113 910 1165 indigeant,
956 1122 998 1151 et
1032 1115 1318 1160 instrumento

56 1194 271 1244 pressorio
310 1187 500 1228 adhibito
539 1191 604 1228 via
642 1188 812 1227 insolita
840 1191 912 1228 aut
940 1188 1162 1228 artificialis
1192 1188 1317 1228 facile

55 1278 241 1321 paratur.
801 1307 805 1310 ,

135 1344 204 1381 De
249 1343 454 1381 Zederi·
492 1338 891 1393 (Naturgeschichte
929 1354 971 1392 p.
1009 1347 1089 1391 3¹4
1127 1332 1169 1380 e't
1201 1343 1316 1394 517.)

60 1417 373 1466 observatione,
403 1417 634 1455 secundum
662 1430 789 1469 quam
808 1418 996 1456 Taeniae
1027 1420 1172 1456 ovario
1192 1420 1317 1456 sacci-

58 1494 186 1532 formi
200 1496 427 1532 instructae
450 1506 528 1530 ova
546 1507 594 1530 ex
608 1493 819 1531 foramine
838 1496 1019 1546 paginae
1041 1494 1316 1533 articulorum

58 1570 294 1617 inferioris,
335 1582 473 1619 prope
500 1570 734 1621 marginem
763 1571 947 1606 anticum
975 1571 1054 1607 sito
1086 1580 1127 1608 et
1163 1573 1317 1609 tenuis-

59 1647 192 1694 simo,
240 1644 315 1683 sub
354 1655 481 1697 partu
519 1645 721 1693 edantur,
770 1645 884 1684 idem
926 1646 1008 1683 dici
1046 1649 1217 1699 nequit;
1270 1661 1319 1686 ex

59 1725 205 1762 ovario
237 1724 347 1760 enim
375 1720 551 1773 simplici
581 1720 706 1760 ovula
741 1734 821 1772 per
846 1721 1043 1759 foramen
1073 1734 1319 1778 contiguum

6 1784 11 1785 ⁷
42 1809 132 1838 ‘aut
158 1801 340 1837 vicinum
352 1797 528 1859 *facilius
560 1800 691 1836 emitti
718 1807 914 1849 possunt;
950 1797 1228 1850 utplurimum
1257 1810 1318 1838 ta-

59 1889 159 1914 men
184 1884 308 1927 partu
336 1874 409 1912 tali
436 1888 526 1913 non
552 1874 816 1928 indigebunt.

139 1952 327 1990 Taeniae
361 1965 528 2002 semper
565 1953 787 2002 oviparae,
843 1961 885 1989 et
923 1964 1002 1991 ova
1037 1953 1128 1991 'sola
1163 1963 1247 1992 tam
1278 1956 1323 1992 in

63 2027 246 2068 articulis
275 2030 460 2066 maximis
489 2027 804 2075 secedentibus,
845 2041 969 2080 quam
998 2031 1107 2068 circa
1147 2030 1321 2068 eosdem

16 2113 19 2118 '
63 2108 345 2158 reperiuntur.
403 2104 481 2142 Go
500 2106 648 2142 ezius
688 2103 966 2156 plurimarum
996 2105 1120 2144 ovula
1146 2106 1252 2145 vidit
1281 2117 1323 2145 et

64 2181 175 2219 bene
203 2181 451 2229 delineavit,
493 2183 668 2233 ipseque
696 2180 885 2220 notabile
915 2183 1149 2221 eorundem
1178 2183 1322 2221 discri-

67 2272 166 2297 men
195 2256 378 2303 offendi,
407 2260 464 2295 sic
491 2272 527 2295 v.
559 2271 592 2296 c.
622 2257 672 2294 T.
702 2255 805 2294 Solii
835 2267 878 2295 et
906 2261 1168 2311 crassicipitis
1199 2259 1322 2299 ovula

65 2349 193 2388 quam
232 2333 280 2371 T.
320 2332 602 2372 denticulatae
640 2342 682 2371 et
719 2346 925 2385 expansae
962 2334 1095 2372 multo
1134 2330 1322 2386 minora,

0 2426 11 2436 '·
30 2446 44 2450 -
67 2425 234 2463 semper
263 2419 401 2448 autem
423 2408 627 2462 ·globosa;
654 2408 998 2462 Bothriocephali
1022 2425 1124 2449 vero
1152 2424 1326 2463 puncta-

8 2492 36 2542 ’1
67 2491 98 2526 ti
135 2486 303 2542 (Rhytis
341 2485 608 2538 bipunctatae
637 2499 679 2528 et
705 2486 869 2544 Halysis
905 2487 1068 2539 Scorpii
1096 2489 1322 2529 Zederi‘:
