1801 3066
481 172 562 212 358

484 276 779 333 magnitudine
807 275 967 350 varias,
995 274 1158 331 figurae
1186 275 1253 316 <rel
1284 276 1515 330 ellipticae,
1542 277 1612 318 vel
1636 281 1752 334 pyri-

483 353 657 403 formis,
694 354 762 394 vel
790 353 1060 407 sphaericae,
1099 351 1238 392 offert.
1305 354 1481 393 Vermes
1509 355 1662 393 iisdem
1689 357 1754 395 in-

487 429 592 469 clusi
631 430 774 470 locum
819 432 994 484 quidem
1035 439 1200 468 mutare
1241 440 1486 483 nequeunt,
1533 429 1751 485 hydatides

487 517 629 545 autem
665 508 855 560 plurimis
894 507 998 545 locis
1039 515 1292 553 occurrunt,
1333 519 1413 546 nec
1450 509 1562 560 parti
1590 508 1753 546 cuidam

487 566 724 635 adscriptae
752 592 861 632 sunt,
892 583 1010 636 quod
1036 583 1288 634 praesertim
1316 584 1360 621 in
1381 583 1629 634 Cystz'cerco
1661 583 1756 620 Cel-

484 659 676 702 Zztlosae,
709 670 793 697 tam
821 661 867 697 in
895 658 1088 709 homine,
1119 673 1246 712 quam
1274 660 1318 697 in
1357 661 1474 698 simia
1505 669 1546 698 et
1575 673 1649 698 sue
1679 659 1754 698 ob-

484 737 581 785 vio,
621 736 768 774 videre
800 745 873 774 est.
940 736 1135 788 Ejusdem
1164 735 1338 788 quidem
1368 734 1588 789 hydatides
1616 734 1755 787 utplu-

483 813 637 850 rimum
666 814 709 850 in
738 812 1026 850 musculorum
1054 814 1282 851 interstitiis
1304 810 1514 850 cellulosis
1534 813 1756 863 reperiun-

483 889 574 937 tur,
618 897 667 926 ut
703 899 789 926 tam
826 891 870 926 in
909 890 1045 926 trunci
1087 898 1128 926 et
1167 890 1502 937 extremitatum,
1546 901 1673 941 quam
1710 891 1757 929 in

486 963 613 1012 oculi,
641 963 829 1018 linguae,
860 962 1096 1017 oesophagi
1126 974 1167 1002 et
1197 965 1338 1003 cordis
1367 963 1559 1016 partibus
1588 978 1755 1003 muscu-

482 1038 584 1078 losis
620 1041 830 1090 viderim,
873 1042 951 1080 sed
989 1044 1100 1079 inter
1129 1040 1293 1079 cerebri
1323 1053 1498 1093 quoque
1528 1055 1655 1095 gyros
1685 1054 1755 1080 co·

482 1116 740 1167 piosissimas
781 1115 968 1166 offendi,
1012 1128 1053 1156 et
1085 1119 1132 1156 in
1167 1117 1297 1169 plexu
1336 1116 1575 1157 choroideo
1604 1117 1754 1156 itidem

483 1201 684 1242 repertae
713 1203 818 1231 sunt.

566 1266 725 1305 Omnes
755 1266 975 1322 hydatides
1011 1268 1230 1323 hucusque
1270 1272 1431 1319 dictae,
1479 1271 1621 1310 tunica
1665 1279 1755 1308 tan-

485 1351 575 1380 tum
603 1344 729 1382 unica
758 1346 994 1399 eademque
1034 1357 1183 1386 tenera
1212 1357 1448 1386 constantes
1478 1345 1669 1399 partibus
1697 1346 1757 1384 vi-

483 1419 584 1456 cinis
613 1418 707 1471 plus
737 1423 874 1460 minus
902 1425 1141 1472 revinctae,
1171 1437 1356 1477 vasaque
1386 1424 1579 1462 distincta
1609 1421 1660 1460 ab
1690 1419 1754 1460 his

481 1505 655 1547 nactae,
698 1511 860 1538 vermes
890 1502 1144 1552 paucissima
1174 1514 1282 1553 aqua
1313 1499 1591 1539 circumfusos
1621 1500 1756 1537 conti-

480 1580 607 1617 nent;
651 1587 806 1627 magna
836 1579 948 1615 enim
977 1574 1177 1630 lymphae
1209 1579 1356 1627 copia,
1400 1589 1511 1628 quae
1546 1578 1591 1613 in
1621 1575 1756 1628 Cysti-

481 1650 610 1686 cercis
644 1663 773 1701 saepe
801 1654 1037 1702 reperitur,
1065 1664 1156 1690 non
1183 1654 1366 1691 vesicam
1397 1661 1614 1691 externam
1642 1652 1755 1688 inter

463 1725 526 1760 ‘et
556 1737 759 1773 vermem,
790 1727 865 1764 secl
892 1728 936 1764 in
968 1725 1090 1779 hujus
1120 1731 1258 1767 vesica
1288 1727 1454 1766 caudali
1478 1726 1657 1765 collecta
1680 1735 1752 1764 est.

480 1797 686 1851 Reliquae
712 1799 857 1840 autem
886 1801 1109 1857 hydatides
1139 1816 1338 1857 magnam
1368 1817 1503 1857 aquae
1531 1805 1615 1842 vim
1634 1805 1754 1855 ipsae

482 1878 715 1928 continent,
747 1877 827 1916 alia
858 1889 1000 1918 autem
1027 1889 1132 1919 nota
1155 1883 1308 1919 iterum
1337 1880 1633 1920 diversissima.

536 1953 733 1991 Coemtri
758 1954 945 1995 vesicula
967 1958 1094 1996 unica
1109 1968 1185 2005 est,
1216 1959 1285 1996 ovi
1304 1955 1560 2010 plerumque
1581 1966 1654 1995 aut
1672 1957 1754 1997 Co-

478 2027 657 2067 lumbini
675 2042 744 2069 aut
757 2031 979 2086 gallinacei
997 2033 1302 2086 magnitudine,
1316 2037 1489 2080 ‘tener-a,
1515 2024 1562 2071 in
1586 2033 1753 2073 cerebri

486 2105 729 2146 ventriculis
748 2107 886 2158 obvia,
898 2111 1003 2148 vasis
1023 2109 1148 2148 nullis
1170 2111 1405 2160 conspicuis
1425 2111 1641 2156 instructa,
1661 2109 1753 2148 fere

480 2181 1086 2236 undique-nibem,ventriculo
1107 2185 1273 2223 cerebri
1288 2195 1435 2236 aperto
1456 2184 1655 2223 facillime
1676 2183 1753 2222 sal-

480 2268 571 2300 tem,
583 2260 724 2312 elapsa
737 2276 746 2308 ;
764 2275 929 2300 vermes
943 2272 1129 2300 ceterum
1139 2260 1344 2313 plurimos
1361 2260 1590 2310 exsertiles,
1600 2259 1690 2299 basi
1699 2262 1752 2298 si-

480 2333 525 2372 bi
544 2335 688 2376 affixos
709 2344 876 2391 gerens,
905 2348 951 2376 ut
972 2341 1161 2377 omnium
1181 2339 1301 2390 quasi
1328 2336 1657 2376 vermiculorum
1679 2350 1751 2389 ve·

485 2413 569 2450 sica
590 2414 777 2452 caudalis
806 2417 1039 2454 communis
1071 2425 1112 2453 ct
1141 2413 1394 2465 amplissima
1421 2412 1571 2452 haberi
1597 2416 1743 2466 possit.

558 2490 866 2530 Echinococci
902 2491 1119 2530 diversitas
1158 2487 1354 2531 habetur.
1417 2490 1596 2544 Hydatis
1636 2492 1747 2529 enim
