1801 3066
1275 179 1348 206 101

102 276 316 315 sdissecto
354 283 514 312 tantum
553 279 779 321 appareat,
830 282 871 319 p.
906 281 966 306 21.
1006 273 1204 309 nimirum
1243 269 1348 310 haec

127 333 281 390 habet:
327 351 415 388 »NL
454 344 717 384 VVinslow
753 343 795 382 le
825 344 1022 397 dissequa
1048 346 1107 383 lui
1135 347 1274 386 meme
1306 358 1347 385 et

131 441 240 466 nous
270 421 548 464 reeonnfimes
578 419 968 474 qu'effectivement
1000 417 1149 459 ·c'etoit
1176 436 1236 460 un
1263 417 1347 460 Τέ-

131 505 201 543 nia
229 494 440 538 renl'erme}
471 498 574 536 dans
603 510 688 534 une
719 497 973 550 enveloppe,
1006 511 1053 535 ce
1083 499 1155 550 qui
1182 495 1222 534 16
1250 512 1346 536 ren-

131 577 223 614 doit
251 573 483 613 semblable
513 569 535 611 a
552 586 611 611 un
640 584 758 612 autre
779 588 855 613 ver
879 575 1015 622 blanc,
1043 573 1147 627 long
1171 582 1212 610 et
1234 572 1346 610 demi

128 652 264 699 rond,
296 636 469 689 comme
491 663 548 688 on
577 662 632 688 en
651 653 742 689 voit
762 651 1134 689 ordinairement.‹<
1170 650 1347 688 Wins-

126 727 281 766 lowii
309 727 454 765 laudes
482 728 635 764 merito
665 740 845 780 magnae
875 736 996 775 sunt,
1040 736 1081 765 at
1107 725 1346 764 Anatornici

130 806 279 842 summi
316 800 535 841 historiam
573 803 811 842 naturalem
860 817 987 854 saepe
1024 805 1344 856 ignoraverunt,

129 890 172 920 et
199 878 281 918 hoc
309 878 458 917 saltem
484 877 584 917 loco
616 879 668 918 de
700 879 1008 918 observationis
1037 879 1121 917 fide
1142 878 1345 915 maximo-

125 948 231 1008 pere
261 953 441 993 dubitari
468 953 576 993 licet.
642 957 754 995 Num
791 969 895 996 vero
925 955 1136 994 Ascaridis
1172 951 1345 992 lumbri-

127 1031 258 1070 coidis
287 1034 508 1081 intestina,
552 1045 661 1084 quae
690 1031 780 1070 aliis
811 1046 984 1086 quoque
1014 1031 1081 1071 vel
1108 1044 1190 1084 pro
1219 1017 1360 1067 Asca-i

80 1135 85 1137 -
127 1107 313 1157 fidibus,
351 1109 421 1147 vel
446 1122 527 1161 pro
560 1111 656 1167 viyo
682 1108 880 1147 lumb1ici
916 1110 1036 1147 foetu
1064 1106 1205 1145 habita
1234 1113 1344 1150 sunt,

126 1194 273 1223 utrum
315 1187 605 1224 concrementi
641 1183 887 1239 lymphatici
933 1194 1149 1231 ramenta,
1203 1179 1345 1234 qualia

127 1260 288 1300 Medici
332 1259 525 1299 mihimet
567 1264 692 1299 etiam
735 1276 816 1313 pro
863 1263 1033 1302 Taeniis
1083 1257 1344 1300 obtulerunt,

127 1336 310 1374 Taenias
342 1350 458 1383 esse,
505 1339 735 1386 suspicatus
765 1341 840 1385 sit,
879 1352 958 1376 nos
998 1336 1195 1388 equidem
1223 1332 1342 1385 fugit.

130 1410 255 1449 Conf.
285 1424 325 1449 n.
346 1415 408 1454 52.
437 1410 510 1448 ubi
539 1410 681 1448 similis
711 1410 954 1450 Frischii
984 1424 1106 1449 error
1132 1418 1317 1446 notatur.

77 1484 164 1536 546.
195 1485 402 1525 Friedr.
436 1485 837 1537 Hasselquist's
866 1487 991 1525 Reise
1009 1484 1119 1524 nach
1137 1484 1344 1523 Palastina

128 1562 173 1598 in
204 1560 288 1598 den
313 1559 471 1598 Jahren
502 1565 760 1612 1749-1752.
798 1561 884 1599 Aus
915 1561 1010 1599 dem
1039 1558 1230 1598 Schwed.
1258 1559 1344 1596 Ro-

128 1635 250 1674 stock
296 1634 406 1687 1762.
435 1641 472 1680 8,
501 1635 527 1660 'k
571 1636 638 1674 De
662 1636 972 1691 Aegyptiorum
1000 1636 1166 1675 Taenia
1195 1635 1345 1687 (Solio)

126 1726 168 1764 p.
196 1717 404 1765 587-590.
435 1714 529 1766 agit.

77 1793 168 1840 347.
200 1789 483 1827 Dissertation
511 1802 582 1829 sur
608 1788 650 1828 le
679 1802 755 1828 ver
782 1786 953 1829 nomme
984 1803 1038 1828 en
1059 1790 1161 1828 latin
1183 1789 1347 1827 Taenia

130 1875 173 1903 et
211 1877 265 1902 en
309 1863 496 1912 franqois
536 1864 762 1914 Solitaire‚
811 1881 868 1905 ou
909 1863 1031 1917 apres
1073 1867 1191 1904 avoir
1225 1860 1347 1916 parle

132 1941 234 1980 d'un
260 1954 459 1979 nouveau
483 1952 619 1980 secret
646 1956 758 1994 pour
794 1941 1022 1994 l'expulser
1051 1942 1123 1981 des
1153 1944 1344 1993 intestins

135 2018 240 2057 dans
268 2016 453 2069 lesquels
483 2017 513 2055 il
543 2029 604 2057 est
630 2019 744 2072 loge,
773 2021 847 2071 qui
877 2033 898 2057 a
922 2033 976 2057 eu
1005 2017 1234 2058 cl'heureux
1256 2031 1348 2056 suc-

131 2090 222 2143 ces,
249 2092 341 2132 l'on
371 2094 515 2133 donne
544 2095 747 2148 quelques
778 2094 1068 2135 observations
1099 2110 1171 2135 sur
1195 2105 1262 2134 cet
1282 2097 1346 2134 in-

133 2179 255 2208 secte.
320 2172 400 2208 Par
440 2170 669 2211 Charles
708 2174 936 2211 Bonnet.
1002 2173 1074 2212 In:
1117 2172 1347 2210 Memoires

135 2240 363 2295 presentes.
426 2249 475 2285 T.
510 2263 540 2286 1.
584 2251 753 2301 (1750.)
791 2263 831 2301 p.
863 2252 1077 2302 478-529.
1117 2246 1227 2286 tabb.
1257 2260 1292 2284 2.
1322 2245 1348 2272 ⁴<

136 2319 492 2362 Medicamentum
513 2325 1038 2366 Hermschwandsianum.
1065 2325 1230 2364 Taenia
1247 2323 1346 2367 lata,

137 2408 263 2448 quam
292 2399 472 2438 articulis
501 2401 700 2441 brevibus
739 2399 890 2451 (Tenia
920 2399 944 2441 a
973 2415 1162 2441 anneaux
1192 2403 1348 2451 conns)

139 2485 162 2510 a
191 2471 308 2512 Solio
340 2472 578 2528 distinguit,
616 2480 712 2517 satis
754 2477 863 2516 bene
894 2479 1127 2529 exponitur.
1184 2479 1350 2516 Partem
