1801 3066
469 205 548 253 402

472 303 601 360 patris
635 304 704 344 vel
732 306 875 343 matris
905 316 988 354 ope
1017 300 1218 347 foetubus
1258 299 1326 339 vel
1364 299 1593 338 infantibus
1624 315 1740 355 com-

472 383 700 430 municari,
757 390 799 419 et
839 381 897 418 ita
936 393 959 417 a
994 379 1142 429 primis
1182 375 1404 415 hominum
1444 386 1486 414 et
1513 362 1757 416 bestiarum¹

471 456 718 514 parentibus
756 469 837 508 per
879 456 1021 493 omnia
1062 452 1204 491 secula
1245 454 1549 504 transportari,
1607 460 1742 504 aeque

472 536 620 575 falsam
659 546 772 582 esse,
829 545 876 569 ac
915 543 1026 583 quae
1067 528 1194 569 ovula
1223 532 1476 568 extrinsecus
1515 530 1560 566 in
1588 529 1746 566 anima-

471 606 576 652 lium
623 622 805 662 corpora
843 609 1008 645 irruere
1050 615 1226 654 statuat,
1283 606 1378 642 satis
1426 618 1637 656 superque
1673 616 1746 642 me

474 679 786 729 demonstrasse
824 697 1049 735 persuasus
1086 697 1201 726 sum,
1258 690 1305 718 ut
1332 679 1529 719 ultimum
1558 680 1744 733 denique
1780 718 1790 724 ,,

472 758 754 804 entozoorum
795 762 1081 814 generationis
1120 757 1323 807 modum,
1380 756 1519 796 solum
1554 755 1745 797 mihimet

472 855 618 881 verum
646 841 808 887 visum,
841 836 1060 875 illustrem.

1051 944 1084 992 ς.
1126 945 1164 986 5.

549 1037 628 1078 De
658 1035 978 1093 generatione
1009 1032 1343 1074 Encozooram
1372 1043 1658 1091 spontanea.

553 1142 732 1180 Veteres
763 1139 1087 1192 generationem
1116 1148 1420 1188 spontaneam,
1448 1137 1516 1177 vel
1546 1139 1744 1190 aequivo-

476 1233 566 1256 cam
596 1218 718 1254 nimis
758 1214 955 1267 urgendo
967 1241 980 1260 ,
1039 1213 1328 1264 eandemque,
1383 1215 1509 1251 etiam
1544 1213 1618 1252 ubi
1654 1227 1746 1253 non

476 1293 629 1339 detur,
667 1304 802 1342 aeque
832 1288 955 1327 facile
985 1287 1272 1336 admittendo,
1317 1297 1542 1340 tantopere
1576 1289 1745 1329 dubiam

477 1379 518 1407 et
547 1381 715 1406 exosam
743 1364 987 1413 reddidere,
1015 1373 1063 1402 ut
1091 1365 1177 1416 qui,
1207 1376 1251 1401 se
1282 1364 1463 1402 eandem
1492 1367 1613 1415 tueri,
1645 1380 1746 1418 pro-

476 1444 687 1492 fiteantur,
714 1443 956 1493 paucissimi
979 1453 1204 1493 exsurgere
1230 1441 1426 1480 audeant.
1458 1441 1546 1480 Cel.
1567 1442 1747 1481 Retzi-

476 1534 535 1558 us
567 1519 607 1570 (l.
630 1534 664 1557 c.
693 1533 734 1570 p.
759 1519 860 1569 55.):
896 1517 986 1555 »cle
1015 1518 1295 1570 generatione
1335 1516 1593 1569 aequivoca,
1633 1533 1743 1572 quae

477 1593 645 1648 prolata
675 1597 757 1632 sint
794 1603 1059 1637 commenta,
1119 1594 1257 1642 repeti
1295 1606 1385 1631 non
1413 1597 1545 1648 magis
1573 1597 1744 1644 mereri,

477 1684 604 1724 quam
634 1679 792 1707 ceteras
826 1668 880 1706 cle
908 1670 1117 1707 vermium
1146 1669 1310 1721 origine
1337 1669 1523 1719 fabulas,
1552 1670 1596 1709 in'
1622 1686 1746 1723 prae-

468 1737 725 1786 'cedentibus
757 1743 932 1783 saeculis
962 1743 1116 1783 fictas«
1157 1744 1277 1783 Idem
1305 1748 1445 1799 pergit
1470 1761 1479 1784 :
1509 1750 1608 1800 »qui
1636 1751 1747 1788 circa

470 1823 665 1861 'medium
714 1820 843 1859 seculi
891 1821 1045 1860 decimi
1095 1824 1231 1860 octavi
1269 1820 1370 1859 tales
1410 1821 1569 1861 cudere
1604 1827 1746 1875 potuit

477 1896 732 1953 hypotheses
772 1898 958 1948 (vermes
1000 1911 1049 1936 ex
1088 1911 1299 1937 concursu
1335 1895 1644 1937 molecularum
1674 1913 1746 1961 or?

478 1976 722 2027 ganicarum
771 1975 920 2026 oriri),
979 1987 1138 2013 numne
1173 1976 1206 2012 is
1246 1987 1345 2012 sana
1388 1975 1554 2012 ratione
1593 1974 1744 2015 abusus

477 2049 605 2088 fuisse
633 2051 786 2087 merito
817 2050 898 2087 dici
925 2050 1146 2101 poteritPn
1203 2048 1290 2088 Cel.
1320 2035 1653 2090 Willdenovs:
1677 2053 1744 2102 (in

477 2124 695 2164 botanices
725 2126 982 2177 compendio
1015 2129 1201 2180 egregio.
1256 2125 1336 2166 Ed.
1364 2133 1400 2172 5.
1429 2140 1470 2177 p.
1498 2130 1535 2176 4.
1570 2129 1644 2179 18.)
1672 2141 1743 2181 ge-

476 2204 745 2241 nerationem
773 2204 1048 2254 aequivocam
1075 2205 1246 2250 nonnisi
1284 2216 1306 2240 a
1333 2201 1588 2240 mulierculis
1615 2202 1743 2255 lippis

479 2276 550 2316 fila
578 2279 774 2317 ducendo
805 2278 935 2324 tradi;
993 2289 1035 2317 et
1061 2281 1349 2317 recentiorum
1375 2278 1573 2330 plurimi,
1612 2278 1741 2318 effato

480 2354 836 2410 Harveyano:
900 2368 1029 2391 omne
1076 2357 1231 2394 vivum
1273 2369 1329 2392 ex
1375 2356 1484 2393 ovo!
1536 2358 1741 2407 persuasi,

481 2431 660 2469 eandem
688 2434 782 2482 pari
810 2431 941 2469 modo
971 2431 1193 2477 cle1·ident;
1236 2433 1474 2470 eorundem
1503 2442 1641 2471 autem
1670 2435 1741 2484 qui

481 2506 676 2546 deridere
705 2517 968 2561 sategerunt,
996 2507 1160 2546 nullum
1189 2509 1444 2561 argumentis
1473 2505 1618 2548 solidis
1647 2521 1740 2546 eam
