1801 3066
448 105 475 134 Ο

460 251 512 300 O.
578 247 946 296 AscariS.

294 395 334 420 a,
417 376 1110 417 Generatim.

78 489 164 536 243,
203 477 414 521 Ascaride.
455 477 633 515 Ascaris.
677 470 994 528 Encyclope'die
1039 471 1325 529 methodique..

128 559 313 598 Histoire
350 551 556 591 naturelle
597 551 668 589 des
705 563 810 589 vers.
854 551 903 588 T.
933 551 1002 588 VI.
1040 546 1062 589 a
1095 553 1208 590 Paris
1240 564 1279 589 et
1308 550 1330 591 ἐι

127 629 257 685 Lffige
292 636 400 682 1739,
429 633 467 678 4.
495 627 521 652 ἴ
558 641 597 678 p.
624 623 820 675 [δι-[40.
853 626 1198 679 ,Ωηειῑηοῑάρςίιῃ
1229 642 1330 666 enu-

127 716 345 746 merantur
372 706 529 756 species
555 703 861 751 aLinnaeo,
889 702 1168 752 Fabricio,
1198 704 1330 742 Mul-

129 782 273 830 lero,
304 779 582 819 Chaberto
613 779 872 830 descriptae,
914 789 1143 831 auctorque
1171 793 1214 819 se
1242 781 1330 820 hel-

129 856 433 908 min-thologiae
461 857 655 907 ignarum
684 868 773 894 esse
802 856 958 906 prodit,
1014 856 1123 894 Num
1154 857 1223 895 alii
1249 859 1332 896 En-

130 932 427 988 cyclopaediae
455 931 580 968 Tomi
617 928 699 967 huc
734 930 934 969 facientes
974 931 1075 970 editi
1112 936 1215 982 sint,
1262 950 1330 975 mc.

131 1011 249 1064 fugit,
278 1012 369 1063 ipse
398 1004 507 1047 hunc
534 1017 694 1046 tantum
722 1007 816 1046 vidi.

306 1136 367 1182 b.,
400 1134 649 1176 Ascaris
675 1137 1108 1177 lumbricoides.

80 1242 167 1291 249.
197 1240 522 1277 Stromaieri
561 1236 660 1276 Obs.
699 1239 744 1275 in
783 1237 933 1292 Greg.
973 1239 1193 1277 Horstii
1223 1241 1332 1293 Opp.

131 1316 180 1353 T.
211 1329 246 1353 2.
275 1314 462 1353 Norimb.
497 1315 606 1353 1660.
634 1312 707 1350 fol.
736 1326 775 1363 p.
809 1314 899 1358 558.
928 1306 967 1352 b}
995 1315 1021 1340 ’κ
1049 1315 1102 1353 de
1125 1315 1333 1354 lumbrico

131 1392 270 1430 vesica
320 1388 503 1436 incluso,
562 1387 966 1425 medicamentorum
1018 1402 1101 1439 ope
1158 1391 1332 1443 dejecto,

135 1462 324 1519 Lympha
352 1464 524 1515 plastica
552 1475 762 1510 vermem,
803 1462 935 1501 modo
966 1472 1106 1503 tamen
1133 1479 1221 1505 non
1249 1468 1336 1507 vul-

135 1542 245 1593 gari,
282 1537 503 1576 involvisse
531 1537 706 1575 videtur.

83 1617 171 1655 250.
200 1612 446 1652 Lumbricus
485 1622 617 1660 tereS,
657 1623 706 1650 or
743 1625 861 1651 some
889 1614 1153 1653 Anatomical
1182 1617 1335 1658 Obser-

134 1693 297 1730 vations
326 1703 384 1728 on
411 1687 481 1727 the
509 1688 666 1727 Round
693 1691 841 1727 Worm
870 1688 976 1728 bred
1005 1692 1047 1728 in
1076 1690 1231 1731 human
1260 1694 1337 1734 bo-

137 1766 241 1814 dies,
263 1765 320 1819 by
339 1766 567 1804 Edward
595 1765 692 1819 Tys
710 1779 783 1803 on.
826 1766 893 1803 In:
924 1766 1080 1805 Philos.
1104 1770 1337 1811 Transeo-c,

141 1843 251 1888 1683.
280 1854 320 1892 p;
355 1842 553 1885 155ssi61.
584 1855 678 1880 cum
706 1841 786 1879 tab.
807 1843 831 1865 ’κ
876 1842 1039 1879 Marem
1065 1842 1220 1883 semina
1248 1847 1338 1898 ple-

137 1931 318 1970 rumque
356 1920 567 1957 minorem
606 1931 708 1956 esse.
765 1919 915 1956 Cutem
949 1916 1121 1958 laevem.
1181 1922 1238 1961 Os
1268 1927 1337 1962 tri·-

136 1993 346 2034 labiatum.
402 1995 553 2033 Anum.
609 1993 844 2032 Musculum
873 1993 1172 2034 subcutaneum
1185 2027 1199 2046 ,
1227 1997 1337 2040 hunc

138 2081 278 2110 tamen
306 2071 441 2107 minus
472 2079 663 2108 accurate
694 2069 959 2120 descriptum.
1001 2072 1068 2110 De
1091 2073 1337 2125 genitalibus

137 2148 352 2196 utriusque
380 2157 512 2193 sexus,
540 2145 730 2184 iconibus
759 2158 847 2183 non
875 2145 1003 2184 malis.
1062 2147 1146 2200 Qui
1172 2151 1338 2202 prolem

140 2223 273 2259 vivam
309 2222 353 2258 in
389 2233 531 2258 verme
559 2223 640 2259 isto
682 2221 834 2261 vidisse
873 2221 950 2260 sibi
987 2225 1063 2262 visi
1092 2227 1197 2274 sint,
1242 2238 1340 2266 vasa

143 2296 338 2350 genitalia
372 2310 451 2348 pro
489 2295 725 2335 vermiculis
754 2295 957 2337 habuisse.
1022 2299 1234 2351 Quantum
1262 2317 1339 2354 po-

143 2374 243 2411 steri
273 2385 295 2408 a
321 2372 538 2425 Tysone
567 2372 795 2412 distabant!

93 2452 180 2492 251.
209 2448 257 2486 M
268 2460 289 2485 a
301 2460 321 2484 r
333 2456 372 2484 t„
388 2446 426 2484 H
437 2461 461 2485 o
474 2459 526 2486 ut
538 2459 589 2486 tu
602 2463 666 2501 yn
704 2450 996 2506 Vergelyking
1024 2453 1100 2492 der
1128 2455 1339 2495 aardwor-
