1801 3066
1239 203 1317 248 575

126 304 300 344 Unzer
327 303 455 356 (Bibl.
483 313 525 341 n.
553 302 665 352 550.)
693 299 898 338 Taeniam
926 302 971 338 in
997 311 1157 352 puteo,
1194 302 1312 342 Tis-

48 390 148 428 sot,
174 381 321 420 itidem
357 379 516 418 ibidem
554 378 760 415 Taeniam
807 386 848 414 ct
895 376 1067 430 quidem
1103 376 1312 418 humanae

4 492 5 497 ,
23 481 25 485 ,
44 455 294 496 simillimam
310 454 434 507 (conf.
452 454 491 492 G
502 468 526 492 o
542 467 564 493 e
578 469 597 493 z
611 467 634 492 e
648 450 921 507 Naturgesch.
938 465 980 504 p.
996 453 1071 503 15«)
1087 451 1309 503 reperisse,

46 531 123 570 sibi
150 534 224 570 visi
251 539 368 576 sunt;
397 529 468 569 ille
498 540 639 569 tamen
669 529 722 568 de
742 530 904 569 Taenia
930 530 1101 581 inventa
1119 540 1309 583 rogatus,

42 610 208 647 unicam
235 620 362 660 quam
391 607 623 655 invenerit,
664 619 688 644 a
714 607 831 656 pisce
857 604 926 644 vel
953 602 1124 643 homine
1160 605 1308 646 forsan

13 683 250 735 .dejectam
290 690 331 720 et
368 693 465 719 casu
504 679 606 719 illuc
644 679 827 718 delatam
867 692 957 719 esse
993 694 1121 732 posse
1150 671 1200 720 O.
1230 682 1305 720 Fr.

39 757 283 797 Mfillero
328 755 464 809 (apud
502 755 767 794 Goezium
805 755 832 793 1.
864 758 922 808 c.)
970 757 1215 808 respondit,
1262 767 1305 796 et

3 846 14 850 “
41 836 132 875 Tis
145 849 162 872 s
176 848 200 872 ο
215 837 290 873 tio
308 831 442 871 simile
456 831 684 885 quidcerte
698 831 860 870 accidit.
891 832 931 870 G
945 846 986 869 m
1001 831 1151 871 elinu
1164 847 1180 871 s
1196 845 1302 871 vero

38 910 186 948 Iunior
205 908 323 959 (Bibl.
343 923 385 949 n.
406 909 534 960 662.),
565 906 639 947 cel.
665 909 695 946 P
709 907 781 946 all
795 922 847 946 as
877 908 940 958 (N.
960 908 1095 949 Nord.
1113 910 1254 964 Beytr.
1271 909 1303 948 I.

42 1000 73 1026 1.
102 999 143 1037 p.
170 989 258 1038 42.)
300 995 428 1033 teste,
480 996 681 1023 ranarum
727 983 853 1022 ovula
897 993 1175 1022 concatenata
1217 997 1300 1035 pro

36 1063 222 1101 Taeniae
248 1075 361 1101 nova
395 1062 536 1113 specie
566 1058 705 1097 dubia
734 1059 811 1098 sibi
842 1059 952 1098 dicta
979 1059 1183 1098 vendidit.
1238 1058 1299 1099 111.

37 1138 234 1178 Mtiller
261 1136 307 1189 (1.
338 1138 394 1188 c.)
422 1139 466 1174 in
494 1137 671 1175 Sueciae
700 1135 934 1175 confinibus
962 1138 1044 1175 iter
1073 1149 1214 1190 agens,
1244 1136 1302 1174 do

35 1213 172 1253 rivulo
201 1214 372 1251 Taeniis
401 1222 587 1252 scatente
607 1215 775 1252 certior
798 1212 953 1262 factus,
996 1210 1109 1250 hunc
1137 1211 1300 1250 idcirco

36 1291 160 1339 adiit,
207 1300 248 1328 et
287 1288 508 1327 fasciculos
554 1290 812 1327 Taeniarum
856 1287 1178 1339 implicitamm,
1223 1287 1300 1326 sed

11 1356 323 1414 'mortum-um,
366 1374 408 1402 et
435 1362 624 1413 insimul,
666 1363 783 1416 quod
809 1377 902 1401 rem
931 1361 1129 1414 explicat,
1165 1361 1300 1401 multa

34 1444 212 1495 piscium
250 1442 468 1489 intestina,
516 1453 539 1478 a
576 1437 854 1490 piscatoribus
892 1441 1066 1491 injecta,
1110 1440 1298 1477 extraxit.

33 1519 77 1555 Si
105 1519 266 1556 Taenia
292 1519 435 1567 itaque
472 1518 517 1554 in
544 1513 682 1552 rivulo
720 1516 980 1552 inveniretur
1005 1524 1197 1560 mortua,
1233 1512 1296 1550 id-

19 1588 145 1632 'circo
177 1606 269 1630 eam
296 1591 454 1629 ibidem
484 1600 649 1628 enatam
670 1602 774 1637 esse,
801 1601 891 1627 non
916 1574 1111 1627 concludi
1131 1587 1295 1625 liceret,

31 1713 35 1719 ,
109 1669 172 1709 Cl.
199 1669 417 1706 Beireis
446 1665 572 1718 (Bibl.
601 1679 641 1703 n.
672 1669 761 1715 584.
791 1679 832 1717 p.
862 1668 914 1716 7.)
941 1661 1295 1703 Ascaridesdum-

33 1744 243 1785 bricoides
281 1757 360 1795 per
388 1755 535 1781 omnes
563 1755 727 1786 menses
755 1743 800 1779 in
842 1754 950 1793 aqua
976 1741 1188 1779 invenisse
1215 1736 1294 1775 sibi
1324 1722 1326 1726 ‚

32 1827 141 1862 visus
171 1831 254 1868 est,
281 1831 389 1871 quae
420 1831 442 1855 e
469 1826 600 1868 puteo
633 1817 839 1857 Caenobii
856 1818 953 1856 Divi
972 1815 1162 1868 Ludgeri
1189 1810 1293 1850 hau-

10 1878 188 1945 riatur,
216 1899 260 1934 in
288 1907 373 1947 quo
402 1906 483 1932 nec
510 1895 668 1944 pisces,
702 1906 783 1931 nec
812 1892 892 1930 alia
916 1892 1141 1929 animantia
1169 1901 1295 1940 repe-

4 1984 8 1988 ⁴
32 1977 215 2020 riuntur,
245 1985 267 2009 e
296 1983 479 2024 quorum
509 1982 692 2020 corpore
719 1968 817 2008 illae
848 1969 1014 2006 excerni
1034 1968 1293 2019 potuissent;

28 2063 119 2097 non
145 2048 283 2087 solum
312 2057 451 2085 autem
479 2044 742 2094 Helmstadii,
771 2044 844 2083 sed
874 2045 998 2081 etiam
1026 2041 1102 2081 sub
1125 2043 1292 2080 initium

29 2124 276 2165 Decembris
316 2136 429 2161 anno
460 2135 560 2174 1772
597 2122 768 2160 easdem
795 2133 932 2172 prope
959 2118 1292 2182 ballenstadium

12 2181 75 2240 'in
103 2214 208 2254 aqua
237 2200 413 2238 fontana
441 2200 614 2249 reperit.
656 2200 816 2237 Niveae
839 2198 944 2234 istae
963 2194 1183 2235 Ascarides
1206 2202 1289 2230 tres

34 2289 76 2317 et
101 2270 408 2328 nonnunqua'm
437 2285 619 2327 quatuor
646 2274 777 2313 lineas
803 2272 974 2327 longae,
1005 2282 1046 2310 et
1072 2270 1131 2309 fili
1150 2270 1288 2308 tenuis

36 2355 218 2393 crassitie
247 2361 387 2396 erant;
416 2353 460 2390 in
489 2351 723 2391 earundem
750 2363 854 2389 vero
886 2362 961 2387 ore
989 2345 1174 2386 nodulos
1203 2355 1288 2383 tres

35 2429 275 2477 distinctos,
303 2424 580 2480 tubulumque
605 2429 715 2467 inter
742 2425 820 2465 hos
847 2425 1037 2464 medium
1063 2424 1290 2460 microsco-

29 2508 105 2557 ‚pio
136 2505 299 2556 adjutus
330 2502 578 2552 observavit,
605 2512 653 2543 ut
683 2503 737 2542 de
769 2487 907 2556 specie
937 2499 1111 2540 dubium
1139 2511 1288 2551 super-
