1801 3066
412 136 490 177 236

903 250 948 302 C
967 267 997 301 a
1013 268 1066 320 p.
1128 250 1199 302 X.

413 356 508 407 De
529 343 1103 409 nerptsEntozoormn
1107 375 1401 427 perperam
1413 355 1687 410 admissis.
1713 403 1717 409 .

492 473 719 514 Linearum
753 474 995 515 lateralium
1033 478 1078 514 in
1118 474 1349 513 Ascurida
1389 475 1704 530 lumbricoide'

416 545 662 591 exstantium
693 552 867 592 alteram
897 567 919 591 a
947 555 1217 591 Wernero
1256 566 1337 603 pro
1366 567 1546 607 magnae
1577 562 1688 592 arte·
1717 556 1729 560 '
1781 595 1789 605 ,

397 629 503 666 -riae
533 642 557 667 a
583 628 825 667 Willisio
865 631 911 666 in
947 628 1176 667 Lumbrico
1215 631 1404 667 terrestri
1441 629 1687 683 designatae

414 706 547 757 (quae
575 718 728 744 nervus
761 708 848 756 est)
878 704 1061 758 analogo
1092 703 1273 744 habitam
1305 704 1432 744 fuisse
1463 707 1568 757 Cap.
1598 706 1686 744 VII.

412 783 447 831 ᾗ.
475 792 512 819 2.
542 783 700 820 monui.
772 783 994 829 Cuvier,
1040 783 1112 818 Vir
1141 781 1214 819 cel.
1255 780 1472 832 (Tableau
1501 776 1690 820 elemen-

412 859 519 895 taire
550 858 603 896 de
632 856 845 911 Zoologie
873 872 914 910 p.
944 859 1058 910 575.)
1101 858 1301 896 Entozois
1331 861 1376 896 in
1404 871 1562 913 genere
1592 872 1686 897 cum

410 933 621 973 vermibus
651 946 805 972 nervos
835 933 1083 986 adscripsit,
1123 945 1164 973 et
1191 937 1236 973 in
1262 935 1417 974 Museo
1448 935 1685 984 Parisiensi,

409 1012 664 1050 Anatomiae
704 1021 976 1062 comparatae
1016 999 1177 1059 dica-to,
1227 1012 1347 1064 quod
1391 1014 1476 1065 ejus
1508 1010 1584 1050 sub
1615 1024 1688 1050 au-

410 1089 550 1137 spiciis
590 1087 645 1125 ad
682 1100 890 1125 summum
931 1097 1123 1126 eventum
1163 1097 1224 1125 est
1253 1088 1456 1140 gradum,
1500 1088 1687 1126 Ascari-

412 1162 516 1199 dem
543 1162 628 1200 vidi
659 1165 795 1212 canis,
844 1165 1159 1213 nzarginmam
1195 1162 1298 1201 mihi
1328 1164 1510 1212 dictum,
1553 1164 1684 1203 disse-

412 1247 520 1277 ctam
551 1247 592 1276 et
619 1241 767 1289 spiritu
796 1241 881 1277 vini
910 1251 1214 1288 conservatam,
1248 1234 1361 1290 cujus
1392 1239 1504 1279 linea
1530 1239 1685 1281 latera·-

409 1312 460 1351 lis
490 1313 646 1362 altera,
684 1315 919 1354 secundum
946 1318 1191 1367 praeparati
1219 1318 1560 1366 inscriptionem,
1601 1330 1684 1368 pro

410 1402 544 1429 nervo
593 1390 871 1430 vendebatur.
955 1393 1075 1430 Lam
1093 1381 1359 1440 arckium,
1416 1394 1507 1444 qui¹
1528 1405 1685 1431 nervos

411 1467 584 1520 quidem
620 1467 820 1507 Entozois
862 1469 1104 1521 adscripsit,
1145 1467 1261 1508 nulla
1301 1478 1441 1507 autem
1471 1471 1562 1520 ipse
1593 1482 1690 1508 exa-

409 1545 607 1592 minavit,
641 1558 730 1584 non
759 1558 920 1584 moror.
980 1545 1042 1583 Cl.
1084 1545 1253 1599 Virey
1292 1546 1460 1596 (Journ.
1493 1545 1548 1583 de
1577 1543 1686 1599 Phy-

411 1622 542 1672 sique.
579 1627 678 1672 1798
697 1631 739 1659 et
760 1624 889 1674 1799.)
917 1623 961 1659 in
989 1624 1125 1673 priori
1155 1631 1332 1660 tractatu
1355 1621 1686 1659 Ascaridisner-

409 1709 485 1734 vos
516 1710 561 1734 se
588 1698 743 1736 vidisse
771 1697 1038 1746 crediderat,
1077 1699 1266 1736 Taeniae
1295 1682 1601 1752 abnegaverat,
1634 1700 1686 1736 in

411 1771 546 1811 altero
586 1784 727 1812 autem
755 1773 895 1813 nullos
934 1777 1110 1813 omnino
1139 1776 1338 1813 Entozois
1377 1787 1468 1812 esse
1509 1769 1684 1811 conten·
1737 1826 1740 1829 ἱ

411 1849 483 1887 dit.
542 1848 604 1889 cl.
634 1850 806 1889 tandem
848 1851 1104 1890 Dumeril
1143 1850 1376 1904 (Zoologie
1404 1848 1682 1903 Analytique)

408 1938 564 1965 nervos
603 1929 651 1965 iis
689 1941 779 1966 non
811 1941 901 1967 esse
940 1928 1181 1979 pro-fessus,
1231 1928 1486 1974 Cuvieri,
1529 1925 1681 1981 quibus

374 2031 378 2035 -
412 1995 736 2042 dissectionibus
773 2003 1051 2056 utplurimum
1080 2008 1296 2054 innititur,
1332 2004 1585 2042 sententiam
1614 2015 1682 2041 re·
1701 2025 1711 2037 a

405 2082 690 2118 *centissimam
719 2080 865 2119 Forsan
891 2082 1082 2133 protulit.

488 2156 585 2208 Ipse
623 2156 769 2208 plures
799 2167 896 2197 ante
927 2173 1085 2208 annos,
1130 2170 1172 2199 et
1200 2169 1426 2210 antequam
1455 2154 1681 2196 Gallorum

410 2247 545 2286 opera
583 2233 693 2272 dicta
730 2235 786 2273 ad
821 2249 971 2274 manus
1001 2245 1161 2284 essent,
1203 2235 1419 2283 Entozoa,
1464 2246 1561 2271 cum
1591 2232 1679 2271 aliis

407 2310 621 2349 vermibus
666 2312 984 2362 comparando,
1035 2313 1213 2351 dissecni
1250 2296 1678 2363 (VViedemann’s

408 2383 563 2424 Archiv
592 2386 659 2425 fii-r
686 2387 897 2442 Zoologie
925 2389 1016 2429 und
1043 2389 1272 2428 Zootomie
1300 2388 1346 2426 B.
1375 2400 1414 2427 2.
1442 2387 1494 2424 H.
1527 2389 1608 2439 L),
1636 2388 1696 2424 et'

409 2475 538 2513 quam
566 2464 860 2502 Wernerus
889 2478 970 2516 pro
987 2477 1140 2517 magna
1168 2463 1397 2503 Willisii
1427 2465 1580 2503 arteria
1601 2461 1676 2501 ha-
