1801 3066
1275 175 1351 215 Ζ97

88 280 224 310 stante
264 269 510 315 eliciuntur,
555 267 612 304 ita
649 266 773 303 etiam
812 265 968 305 eodem
1002 281 1178 320 prorsus
1215 269 1349 307 modo

91 350 221 387 cirrus
264 347 364 384 inde
409 343 596 394 emergit.
667 341 764 393 Quo
808 348 948 379 autem
987 344 1117 381 modo
1156 342 1280 383 ovula
1308 347 1353 382 in

90 415 203 463 huuc
240 423 450 466 serantur,
495 404 639 457 verine
677 417 753 455 sub
790 427 915 469 partu
948 417 1116 456 Fortiter
1153 432 1272 460 moto
1311 430 1353 459 et

91 499 390 538 violentissime
420 505 638 534 contracto
667 494 803 533 videri
831 495 993 546 nequit,
1023 494 1098 532 sed
1119 496 1245 534 ovula
1267 507 1355 535 tan-

95 585 182 613 tum
211 587 259 611 ex
288 575 372 625 ejus
403 574 522 623 apice
548 570 800 623 pullulantia
829 572 1126 621 conspicimus,
1158 581 1199 608 et
1223 584 1356 624 aeque

92 663 266 702 parum,
295 651 366 701 qui
397 651 527 686 cirrus
557 646 633 685 sub
663 647 778 684 coitu
807 659 975 697 sperma
1003 646 1235 686 masculum
1262 647 1356 685 fun-

95 726 200 764 dens
231 740 325 763 cum
353 726 456 764 vasis
487 722 763 771 seminiferis,
801 722 869 761 vel
900 724 971 777 qui
997 736 1129 775 porus
1158 722 1358 762 ventralis

95 802 171 841 sub
202 804 314 840 coitu
341 798 490 839 volvae
518 811 698 837 munere
727 799 910 847 functus,
940 810 1088 852 postea
1119 809 1257 838 autem
1279 812 1358 838 ova

95 892 185 917 non
213 878 519 924 transmittens,
550 889 643 913 cum
673 878 822 914 ovariis
853 877 1102 923 conveniat,
1131 889 1210 913 nos
1239 874 1360 928 fugit.

96 954 298 993 Subtilior
336 953 449 990 forte
487 954 840 1001 communicatio,
881 966 1008 1005 quam
1036 954 1081 990 in
1108 950 1366 1006 Limacibus,

98 1040 286 1070 ceterum
324 1029 468 1082 quoad
497 1028 742 1081 genitalium
782 1039 1032 1080 apparatum
1059 1026 1364 1067 Distomatibus

95 1106 418 1162 quodammodo
449 1105 663 1158 analogis,
694 1103 839 1143 locum
866 1102 1005 1143 habet.

175 1183 225 1221 In
253 1182 504 1235 quibusdam
531 1191 756 1233 praeterea
784 1182 1028 1219 Distomatis
1057 1179 1299 1232 speciebus,
1328 1195 1366 1217 v.

99 1274 133 1299 c.
161 1259 217 1297 D.
250 1268 436 1296 cremato
478 1257 610 1308 (Tab.
651 1258 699 1295 V.
728 1257 816 1310 Fig.
850 1258 909 1307 1.)
940 1268 982 1296 et
1015 1259 1072 1295 D.
1099 1255 1370 1310 appendicu-

100 1335 197 1374 laco
237 1334 317 1385 (ib.
346 1334 415 1386 fig.
445 1335 505 1385 2.)
551 1332 684 1370 cauda
714 1345 896 1383 corpore
925 1336 1094 1372 tenuior
1121 1335 1167 1370 in
1193 1331 1276 1371 hoc
1305 1346 1371 1370 re·

103 1403 212 1451 trahi
240 1420 406 1462 potest,
447 1419 487 1447 et
515 1411 560 1447 in
594 1409 650 1446 D.
680 1407 1027 1460 appendiculam
1069 1408 1283 1462 cingulum
1310 1411 1375 1447 in-

105 1500 233 1538 super
271 1487 548 1537 conspicitur,
589 1484 767 1523 caudam
793 1486 911 1536 quasi
940 1486 1186 1523 revinciens.
1241 1485 1373 1536 Hujus

105 1574 246 1602 autem
273 1561 460 1600 fabricae
486 1573 608 1610 usus,
646 1572 835 1611 numque
865 1562 1131 1611 generationi
1158 1563 1371 1609 inserviat,

104 1651 174 1676 me
201 1639 370 1688 penitus
407 1637 526 1690 fugit.
594 1637 753 1674 Porum
780 1633 1015 1674 ventralem
1050 1637 1094 1673 in
1123 1635 1372 1688 quibusdam

106 1712 357 1766 sphaerulae
394 1711 471 1751 sub
501 1714 644 1764 specie
681 1711 882 1765 protrudi
907 1724 1054 1764 posse,
1099 1712 1144 1751 in
1171 1713 1273 1764 Cap.
1303 1725 1373 1751 an-

107 1790 242 1830 teced.
273 1793 306 1841 ς.
335 1795 371 1835 5.
399 1790 562 1829 monui.
1206 1786 1210 1789 ’

186 1868 232 1904 Β.
286 1866 632 1903 Monoscomacz's
676 1864 924 1918 genitalium
971 1875 1195 1916 apparatus
1241 1867 1378 1917 priori

110 1944 342 1981 universim
374 1954 464 1980 non
493 1941 710 1990 absimilis,
759 1943 840 1979 nisi
867 1940 988 1994 quod
1015 1954 1147 1993 porus
1175 1941 1375 1980 ventralis

114 2019 233 2057 desit.
276 2019 490 2057 posticum
515 2032 636 2067 vero,
666 2019 738 2070 qui
765 2016 1090 2070 Amphistomati
1119 2019 1378 2067 conceditur,

112 2095 423 2134 Monostomati
449 2097 608 2147 pariter
638 2094 782 2133 datum
811 2107 914 2143 esse,
945 2104 987 2133 et
1003 2096 1225 2147 utriusque
1249 2108 1379 2150 gene-

114 2173 172 2209 ris
201 2173 360 2223 species
387 2170 603 2224 plurimas,
631 2173 677 2208 ni
706 2183 874 2218 omnes,
905 2184 929 2209 a
954 2172 1134 2223 posteris
1163 2174 1299 2208 unitas
1328 2172 1381 2209 iri

117 2249 331 2298 suspicor;
358 2250 404 2286 in
430 2249 607 2287 maxima
631 2247 778 2286 saltem
806 2247 1012 2287 Zederi
1044 2250 1198 2299 specie,
1227 2248 1385 2286 Mono-

119 2332 299 2361 stomate
345 2326 520 2373 conico,
575 2323 693 2377 quod
741 2323 914 2382 idcirco¹
948 2323 1001 2362 ad
1048 2321 1386 2375 Amphistomata

123 2397 367 2446 amandavi,
395 2411 485 2438 non
513 2399 631 2439 deest
657 2414 788 2452 porus
816 2401 1030 2452 posticus,
1077 2402 1149 2452 qui
1176 2392 1220 2437 iu
1248 2402 1385 2439 mino-

122 2473 237 2512 ribus
265 2473 390 2513 valde
416 2474 591 2526 pusillus
629 2476 762 2517 oculis
789 2475 988 2516 facillime
1019 2474 1203 2514 subtrahi
1231 2487 1388 2528 potest.
1437 2508 1446 2520 ,
