1801 3066
1289 174 1363 212 115
1386 184 1389 185 ⁷

94 272 183 319 593.
213 265 393 319 Beytrag
422 276 494 302 zur
522 257 893 313 Naturgeschichte
923 261 1000 301 der
1027 265 1361 312 Blasenwiirmer

147 354 234 381 von
271 338 450 378 Bloch.
506 337 576 374 In:
625 333 836 374 Schriften
881 335 958 374 der
994 338 1100 377 Berl.
1132 344 1357 387 GesessgCh,

146 411 431 463 Naturf0rsch.
461 412 671 460 Freunde,
706 412 750 449 B.
784 425 816 450 1.
856 413 894 449 S.
924 418 1001 459 555
1021 436 1038 443 -
1059 419 1146 464 447.
1184 421 1275 458 Taf,
1309 425 1357 462 X,

146 493 230 545 Fig.
265 496 358 535 1-8.
387 490 412 513 Ἰ(
478 489 808 527 Observationes
853 486 1005 527 bonae.
1061 490 1359 542 Experimenta

145 580 239 605 cum
269 578 379 617 aqua
407 565 656 620 hydatidum
691 562 901 613 chemica,
951 580 1058 618 quae
1089 568 1269 607 eandem
1299 587 1361 611 se..

142 657 237 683 rum
264 644 533 695 purissimum
556 653 646 679 esse
676 640 844 678 docent.
901 642 1261 694 Hartmanno,
1291 652 1363 700 qui

142 722 366 775 Tysone
407 720 524 770 prius
564 720 799 768 scripserit,
847 716 1210 758 observationibus
1252 707 1361 763 illius

143 798 274 835 serius
300 794 402 833 licet
427 793 587 845 publici
613 795 710 844 juris
740 792 874 842 factis,
904 795 1065 832 inventi
1089 795 1268 848 gloriam
1292 804 1363 841 tri-

142 872 257 918 buit;
304 867 671 923 Malpighium
710 871 890 922 ignorat.
957 869 1217 924 Hydatidem
1251 889 1275 913 a
1313 876 1360 916 cl.

142 946 388 999 Koelpin
426 946 490 995 (n.
517 950 633 998 394.)
670 947 887 984 inventam
917 949 1166 987 examinavit
1204 960 1246 989 et
1275 956 1363 991 ani-

139 1035 295 1062 matam
325 1035 415 1061 esse
441 1024 613 1074 reperit.
667 1021 819 1062 leones
847 1019 1000 1061 bonae.
1165 1021 1169 1022 ⁷

87 1105 175 1153 594.
214 1098 535 1151 Merkwiirdige
580 1096 1079 1151 Krankheitsgeschichte
1128 1101 1220 1141 und
1266 1104 1362 1143 Lei·

144 1172 432 1229 chenoffnung
459 1187 545 1214 von
573 1174 831 1227 Koelpin.
870 1174 979 1213 ibid.
1009 1182 1251 1228 13548-555,
1264 1160 1297 1205 *K
1326 1182 1362 1221 A

142 1249 366 1290 Blochii
413 1261 615 1300 tractatu,
671 1253 745 1304 qui
785 1249 884 1290 huic
920 1265 1000 1303 pro
1041 1255 1362 1296 introductione

142 1330 340 1376 inservit,
375 1340 576 1377 separare
604 1325 735 1365 nolui.
792 1326 842 1364 In
869 1329 961 1364 viro
993 1340 1043 1379 29
1073 1342 1207 1369 annos
1234 1342 1363 1381 nato,

143 1402 324 1454 plurima
374 1414 424 1439 ex
471 1403 616 1439 aetatis
659 1412 770 1438 anno
813 1401 1020 1454 vigesimo
1059 1404 1171 1442 mala
1208 1418 1363 1456 passo,

143 1477 366 1532 hydatides
404 1475 634 1527 plurimae,
683 1476 987 1528 magnitudinis
1026 1482 1192 1528 variae,
1240 1485 1362 1520 variis

143 1557 189 1591 in
232 1553 458 1590 abdomine
493 1549 623 1598 locis,
681 1551 807 1588 etiam
833 1551 878 1587 in
906 1554 1045 1589 vesica
1082 1557 1269 1593 urinaria
1297 1571 1364 1595 re—

142 1638 290 1682 pertae
331 1636 436 1666 sunt.
517 1626 689 1664 Motum
727 1626 784 1665 in'
818 1629 956 1666 vesica
1003 1629 1170 1667 interna
1209 1632 1363 1671 vidisse

143 1704 387 1756 Koelpin
415 1701 493 1742 sibi
520 1705 630 1741 visus
661 1711 744 1741 est:
779 1700 913 1741 nihilo
943 1712 1086 1744 tamen
1114 1707 1275 1756 minus,
1307 1707 1362 1747 ob

145 1784 311 1822 vesicae
362 1783 552 1819 internae
611 1780 972 1830 descriptionem,
1039 1778 1260 1835 hydatides
1283 1795 1286 1798 ’
1311 1786 1363 1824 ad

143 1857 483 1897 Echinococcum
531 1858 635 1908 (nec
680 1856 735 1895 ad.
773 1857 1085 1911 Cysticercum)
1132 1860 1362 1899 amandare

146 1934 328 1974 mallem.

93 2017 182 2065 595.
211 2009 418 2049 Theod.
449 2008 586 2048 Guil.
615 2007 941 2048 Schroeder‘
969 2003 1363 2064 Progr.Commen-

147 2090 316 2126 tationis
347 2087 400 2124 de
428 2084 705 2140 Hydatidibus
734 2087 780 2123 in
807 2098 991 2137 corpore
1021 2087 1213 2139 animali,-
1240 2102 1364 2140 prae·

122 2148 125 2151 ἢ
151 2166 293 2202 sertim
320 2161 521 2210 humano,
549 2163 743 2212 repertis,-
771 2162 913 2205 Seetio
941 2161 971 2200 I.-
996 2163 1170 2202 Rintelii
1202 2177 1312 2217 1790.
1325 2172 1362 2212 8.

152 2251 194 2289 p.
222 2243 283 2288 48.
339 2237 695 2278 Observationum
725 2247 808 2276 tam
836 2249 1031 2278 veterum
1061 2253 1186 2292 quam
1214 2255 1362 2281 recen-

154 2316 308 2351 tiorum
344 2314 398 2352 de
425 2313 693 2369 hydatidibus
723 2317 847 2353 variis
875 2315 980 2354 locis
1018 2319 1225 2368 repertis,
1275 2319 1362 2357 col-

152 2387 292 2426 lectio.
371 2390 587 2430 Sectiones
626 2390 816 2443 reliquae
852 2404 943 2429 non
968 2381 1233 2443 prodierunt.
1315 2393 1365 2434 In

156 2464 295 2502 diariis
325 2466 470 2504 criticis
490 2479 568 2505 nec
591 2480 680 2506 non
711 2481 733 2505 a
760 2468 799 2505 D
815 2480 839 2506 ο
856 2481 876 2506 e
888 2471 972 2505 rin
987 2471 1039 2522 gi
1054 2459 1079 2506 o
1110 2468 1335 2508 extollitur.

897 2544 937 2581 H
967 2557 988 2580 2
