1801 3066
430 173 511 224 364

434 275 568 325 (Bibl.
597 288 638 314 n.
667 281 785 326 527.)
827 276 1032 328 puellam,
1073 286 1243 329 praeter
1277 277 1480 324 Taeniasj
1529 277 1703 331 Ligulae

435 367 611 407 quoque
630 355 848 405 portiones
876 356 1054 402 maiores
1082 353 1297 392 interdum
1328 354 1548 404 dejecisse;
1579 355 1704 393 Mai·-

396 425 398 428 ’
433 432 515 468 tin
558 429 637 471 (ib.
666 443 710 470 n.
738 435 844 480 441.)
896 430 1066 469 tandem
1095 432 1278 469 Gordios
1309 430 1551 482 argillaceos
1581 431 1704 468 Lin-

431 508 556 545 nflei
582 508 626 544 in
653 506 858 546 Salmonis
886 507 1085 559 Eperlani
1122 507 1310 558 partibus
1345 509 1466 545 variis
1506 508 1706 558 copiosis-

433 583 557 621 simos
588 582 639 620 ab
669 583 786 632 hujus
814 586 937 635 piscis
968 598 1040 622 esu
1074 597 1216 622 secum
1236 586 1703 631 communicatosesse,

432 667 476 698 et
504 659 613 697 mala
643 659 719 697 sibi
757 673 846 698 non
882 660 991 699 levia
1031 663 1195 707 civisse,
1237 659 1438 698 referunt.
1493 658 1542 696 In
1569 661 1706 711 regio-

434 734 577 783 nibus,
619 749 728 788 quae
763 730 946 787 piscibus
979 737 1220 786 abundant,
1249 737 1286 774 T
1291 738 1480 775 aenio‘sos
1508 725 1705 788 fiequen-

434 815 612 851 tissimos
643 826 753 856 esse,
786 813 960 855 addunt.

537 890 717 928 Piscium
756 892 912 928 taenias
937 890 1085 940 (nobis
1113 872 1245 930 Both
1262 888 1480 940 rioceph
1496 872 1613 927 alos
1643 888 1705 927 di-

433 975 540 1014 ctaS,
587 966 707 1018 quod
736 970 903 1013 attinet,
941 976 1032 1006 toto
1062 967 1182 1005 coelo
1215 965 1265 1006 ab
1295 965 1486 1005 humanis
1517 965 1703 1013 differre,

432 1045 646 1081 neminem
675 1043 741 1081 vel
757 1041 1139 1097 Helminthologiae
1169 1046 1347 1082 tironem
1375 1044 1520 1096 fugere
1548 1049 1705 1092 potest,

432 1129 475 1157 et
503 1119 574 1157 has
604 1133 653 1158 ex
688 1118 766 1156 illis
804 1121 903 1158 oriri
932 1122 1005 1173 qui
1035 1129 1238 1167 assumat,
1269 1119 1383 1157 idem
1415 1113 1523 1171 agit,
1554 1131 1603 1171 ec
1633 1118 1707 1169 qui

432 1208 481 1231 ex
508 1208 635 1232 vacca
665 1180 861 1233 hinnulos
895 1196 960 1233 vel
999 1195 1200 1248 equuleos
1242 1203 1482 1246 exspectet.¹
1525 1193 1706 1236 Piscium

435 1279 579 1308 autem
612 1284 729 1308 esum
756 1284 977 1323 nunquam
1013 1275 1056 1310 in
1086 1284 1229 1309 caussa
1259 1284 1348 1309 esse
1377 1283 1527 1322 posse,
1567 1279 1714 1308 terrae.

430 1347 475 1384 in
505 1346 656 1397 quibus
686 1349 975 1398 copiosissime
1005 1348 1306 1393 comeduntur,
1336 1347 1539 1384 Taeniosi
1564 1356 1705 1385 autem

429 1424 624 1460 rarissimi
660 1432 775 1473 sunt,
824 1423 993 1466 abunde
1043 1433 1269 1471 testantur,
1312 1422 1424 1462 conf·
1456 1423 1560 1475 Cap.
1589 1422 1704 1462 XVI,
1760 1452 1761 1455 η

429 1501 467 1548 §.
500 1510 534 1540 1.
575 1499 754 1553 Aegypti
782 1500 957 1539 ultimae
985 1503 1107 1540 sortis
1136 1500 1304 1539 incolae
1334 1514 1357 1539 a
1383 1500 1597 1552 piscibus,
1648 1499 1704 1539 ob

430 1572 584 1613 horum
609 1577 793 1627 pretium
830 1573 1031 1624 nimium,
1071 1577 1352 1624 abstinentes,
1379 1577 1548 1615 Taeniis
1578 1579 1704 1615 maxi·
1761 1630 1765 1631 V

429 1663 498 1688 me
527 1649 700 1688 obnoxii
727 1661 844 1699 sunt,
893 1666 990 1691 cum
1019 1653 1186 1691 Turcae
1216 1666 1238 1690 e
1271 1662 1434 1701 contra,
1490 1652 1701 1691 Hassel-

431 1728 548 1778 quis
564 1728 635 1764 tio
667 1736 791 1774 teste,
821 1731 865 1766 in
893 1729 1086 1783 Aegypto
1115 1729 1267 1767 lautius
1296 1731 1477 1767 viventes
1505 1729 1706 1780 piscibus-

431 1816 515 1855 que
537 1806 701 1855 saepius
718 1815 944 1852 vescentes,
967 1818 990 1842 a
1013 1803 1218 1842 vermibus
1239 1807 1322 1842 istis
1339 1803 1463 1842 liberi
1482 1808 1573 1843 sint.
1605 1806 1705 1844 Om-

429 1882 500 1918 nia
530 1881 715 1933 denique
759 1883 1043 1933 experimenta
1090 1895 1112 1919 a
1155 1881 1383 1920 Blochio
1421 1881 1469 1931 ‘¹‘)
1527 1881 1704 1934 aliisque

524 2040 556 2084 ⁴¹)
583 2039 814 2074 Preisschrift
839 2054 875 2089 p,
902 2050 935 2083 3.
986 2044 1028 2077 In
1050 2042 1214 2090 Cyprino
1241 2040 1389 2077 Blicca,
1426 2039 1515 2076 duas
1541 2054 1608 2090 pter
1631 2042 1703 2076 ho—

430 2110 490 2132 rae
516 2098 759 2145 sexagesimas
786 2111 902 2146 aquae
929 2099 1091 2135 fervidae
1120 2100 1305 2139 immisso,
1332 2112 1472 2133 vermes
1499 2099 1636 2134 mortui
1664 2112 1702 2134 e·-

434 2167 534 2198 1ant3
566 2156 699 2190 eodem
727 2171 792 2204 per
820 2158 1110 2205 quinquagintae
1144 2160 1258 2193 horae
1285 2169 1452 2204 tempora
1478 2156 1621 2192 minuta
1646 2171 1702 2193 se-

432 2213 555 2247 cunda
582 2227 700 2263 aquae
728 2216 886 2255 fervidae
918 2227 1062 2250 tantum
1099 2216 1262 2251 immisso
1289 2215 1478 2256 vivebant3
1521 2216 1622 2265 pisce
1663 2217 1704 2251 in

432 2285 528 2319 aqua
561 2271 607 2306 ad
645 2286 710 2315 170
743 2274 873 2322 gradus
901 2274 1157 2309 thermometri
1195 2273 1498 2308 Fahrenheitiani
1526 2273 1701 2310 caleFacta

431 2329 571 2377 posito,
597 2344 734 2365 vermes
770 2342 853 2380 post
887 2342 1048 2380 quatuor
1080 2331 1192 2366 horae
1233 2332 1473 2378 sexagesimas
1498 2332 1707 2375 vivebant3¹

433 2389 564 2433 vermis
593 2389 630 2423 in
660 2389 788 2424 eadem
815 2403 909 2439 aqua
934 2389 1078 2438 positus
1097 2390 1299 2436 nonaginta
1317 2390 1547 2438 temporibus
1563 2402 1697 2425 secun·-

434 2444 489 2479 dis
517 2446 648 2494 elapsis
687 2447 852 2489 vivebam
891 2447 985 2482 alius
1020 2447 1138 2482 tribus
1171 2448 1285 2482 horae
1319 2448 1549 2495 sexagesimis
1575 2448 1615 2482 in
1642 2461 1701 2483 ea-

435 2502 521 2539 dem
547 2516 740 2547 mortuus;
767 2506 869 2554 pisce
896 2517 1013 2554 aquae
1039 2505 1194 2553 frigidae
1209 2506 1373 2542 immisso
1403 2516 1438 2541 et
1461 2506 1532 2541 hae
1549 2504 1595 2540 ad
1613 2501 1699 2540 ceii-
