1801 3066
1221 186 1317 217 XIII

54 293 183 340 sium
217 304 423 355 parcus,
466 283 763 349 phantasiae
805 296 873 328 ne
906 282 1054 329 nimis
1089 283 1323 351 indulge-

55 406 180 449 rem,
215 399 539 448 summopere
569 381 817 441 cavendo,
856 398 989 447 quae
1013 399 1146 441 vera,
1185 403 1320 451 quae

60 489 215 538 dubia
241 479 365 532 mihi
397 486 504 529 visa
531 485 642 542 sint,
681 481 928 529 candidus
946 482 1184 542 indicavi,
1212 502 1321 533 non

59 592 196 637 enim
228 600 376 632 meae
412 581 671 648 gloriolae,
718 580 810 628 sed
852 583 1098 628 scientiae
1134 600 1319 648 augen-

60 689 158 736 dae
195 701 370 734 caussa
394 683 582 746 scripsi.
651 681 987 746 IpseSuecus‚
1018 693 1068 728 et
1085 682 1324 733 Holmiae

61 786 285 853 quidem,
322 779 412 830 sed
446 782 738 847 parentibus
761 782 1027 828 Germanis
1045 796 1207 844 natus,
1230 784 1325 831 sed

60 902 188 952 puer
221 886 477 949 septennis
508 886 561 930 in
586 883 913 929 Germaniam
939 881 1149 943 delatus,
1185 882 1324 932 hanc

59 987 275 1050 patriam
312 981 522 1029 alteram
558 997 808 1046 agnosco,
857 995 908 1029 et
954 981 1099 1042 hujus
1136 982 1325 1029 eodem

65 1101 125 1132 ac
159 1084 373 1131 Sueciae
419 1097 591 1128 amore
630 1080 812 1146 flagro,
871 1094 928 1129 ut
968 1099 1076 1129 non
1117 1086 1322 1147 possim,

65 1186 210 1249 quin,
262 1194 475 1228 naturae
519 1194 856 1229 scrutatorum
899 1182 1323 1230 Germanicorum

64 1286 318 1347 juniorum
368 1282 723 1346 phantasmata
779 1284 1084 1328 sectantium
1141 1286 1328 1348 scripta

65 1380 389 1428 stomachosa
425 1393 474 1425 et
507 1382 823 1441 strepitantia
848 1383 1094 1426 scientiae
1127 1385 1327 1427 ruinam

68 1496 273 1545 parare,
327 1490 376 1523 et
424 1479 684 1540 antiquam
728 1478 1037 1523 Germaniae
1087 1478 1329 1542 simplicis

71 1577 299 1640 alioquin
326 1578 535 1638 verique
557 1572 953 1620 studiosissimae
979 1574 1184 1621 laudem
1212 1594 1332 1624 con-

71 1688 298 1722 temnere
327 1686 376 1719 et
400 1675 716 1732 imminuere,
753 1689 1078 1738 summopere
1110 1675 1329 1725 doleam.

67 1777 159 1821 His
197 1772 509 1836 displicuisse
546 1788 725 1820 amem.

201 1874 319 1918 Pars
353 1854 501 1918 tertia
535 1875 638 1918 sive
672 1873 1060 1939 Encozoologz'a
1089 1878 1331 1938 practica

76 1971 334 2035 secundae
368 1974 608 2031 innititur,
647 1984 697 2018 et
722 1971 1049 2038 pathologiae
1072 1990 1335 2039 compara-

75 2083 173 2129 tae,
211 2088 378 2135 quam,
415 2073 456 2116 si
476 2073 604 2118 vires
638 2069 816 2131 Ferant,
854 2072 1062 2120 tandem
1087 2076 1336 2137 integram

77 2171 324 2229 tractabo,
360 2173 622 2233 specimen
657 2174 899 2218 continet.

208 2270 435 2317 Alterum
458 2287 579 2317 vero
604 2269 860 2330 volumen,
895 2271 1200 2335 propediem
1225 2286 1339 2336 pre-

80 2368 134 2416 lo
169 2368 555 2429 subjiciendum,
591 2372 838 2417 vermium
870 2370 1229 2438 intestinalium
1258 2387 1341 2435 ge-

82 2485 207 2515 nera
223 2481 272 2516 et
289 2472 484 2534 species
511 2468 844 2530 enumerabit,
872 2470 1051 2517 harum
1077 2468 1340 2534 descripti-
