<?xml version="1.0" encoding="UTF-8"?>
<!DOCTYPE html PUBLIC "-//W3C//DTD XHTML 1.0 Transitional//EN"
    "http://www.w3.org/TR/xhtml1/DTD/xhtml1-transitional.dtd">
<html xmlns="http://www.w3.org/1999/xhtml" xml:lang="en" lang="en">
 <head>
  <title>
</title>
<meta http-equiv="Content-Type" content="text/html;charset=utf-8" />
  <meta name='ocr-system' content='tesseract 3.04.00' />
  <meta name='ocr-capabilities' content='ocr_page ocr_carea ocr_par ocr_line ocrx_word'/>
</head>
<body>
  <div class='ocr_page' id='page_1' title='image "./entozoorumsiveve11808rudo_0372.png"; bbox 0 0 1801 3066; ppageno 0'>
   <div class='ocr_carea' id='block_1_1' title="bbox 442 190 1794 2469">
    <p class='ocr_par' dir='ltr' id='par_1_1' title="bbox 463 190 542 234">
     <span class='ocr_line' id='line_1_1' title="bbox 463 190 542 234; baseline -0.051 0"><span class='ocrx_word' id='word_1_1' title='bbox 463 190 542 234; x_wconf 77' lang='lat'>558</span> 
     </span>
    </p>

    <p class='ocr_par' dir='ltr' id='par_1_2' title="bbox 442 266 1794 1857">
     <span class='ocr_line' id='line_1_2' title="bbox 469 266 1730 346; baseline -0.006 -16"><span class='ocrx_word' id='word_1_2' title='bbox 469 287 755 346; x_wconf 83' lang='lat' dir='ltr'>pollicaribus‚</span> <span class='ocrx_word' id='word_1_3' title='bbox 786 285 928 339; x_wconf 82' lang='lat' dir='ltr'>quales</span> <span class='ocrx_word' id='word_1_4' title='bbox 956 287 1053 323; x_wconf 88' lang='lat' dir='ltr'>icon</span> <span class='ocrx_word' id='word_1_5' title='bbox 1083 286 1194 330; x_wconf 79' lang='lat' dir='ltr'>sistit,</span> <span class='ocrx_word' id='word_1_6' title='bbox 1228 284 1314 321; x_wconf 87' lang='lat' dir='ltr'>ovis</span> <span class='ocrx_word' id='word_1_7' title='bbox 1343 284 1486 336; x_wconf 80' lang='lat' dir='ltr'>itaque</span> <span class='ocrx_word' id='word_1_8' title='bbox 1521 266 1658 331; x_wconf 84' lang='lat' dir='ltr'>foetis,</span> <span class='ocrx_word' id='word_1_9' title='bbox 1687 294 1730 324; x_wconf 88' lang='lat' dir='ltr'>et</span> 
     </span>
     <span class='ocr_line' id='line_1_3' title="bbox 470 349 1794 419; baseline -0.003 -19"><span class='ocrx_word' id='word_1_10' title='bbox 470 370 607 416; x_wconf 63' lang='lat' dir='ltr'>moni,</span> <span class='ocrx_word' id='word_1_11' title='bbox 636 375 681 419; x_wconf 69' lang='lat' dir='ltr'>ut</span> <span class='ocrx_word' id='word_1_12' title='bbox 708 375 831 415; x_wconf 86' lang='lat' dir='ltr'>supra</span> <span class='ocrx_word' id='word_1_13' title='bbox 859 363 1020 408; x_wconf 82' lang='lat' dir='ltr'>monui,</span> <span class='ocrx_word' id='word_1_14' title='bbox 1048 361 1260 411; x_wconf 77' lang='lat' dir='ltr'><strong>proximis,</strong></span> <span class='ocrx_word' id='word_1_15' title='bbox 1289 371 1438 413; x_wconf 74' lang='lat' dir='ltr'>novos,</span> <span class='ocrx_word' id='word_1_16' title='bbox 1469 349 1729 413; x_wconf 71' lang='lat' dir='ltr'>eosdemque</span> <span class='ocrx_word' id='word_1_17' title='bbox 1785 397 1794 411; x_wconf 34' lang='lat' dir='ltr'>x</span> 
     </span>
     <span class='ocr_line' id='line_1_4' title="bbox 469 426 1731 495; baseline -0.008 -10"><span class='ocrx_word' id='word_1_18' title='bbox 469 458 559 485; x_wconf 83' lang='lat' dir='ltr'>non</span> <span class='ocrx_word' id='word_1_19' title='bbox 605 441 774 495; x_wconf 84' lang='lat' dir='ltr'>quidem</span> <span class='ocrx_word' id='word_1_20' title='bbox 803 451 968 490; x_wconf 79' lang='lat' dir='ltr'>parvos,</span> <span class='ocrx_word' id='word_1_21' title='bbox 1015 436 1089 474; x_wconf 81' lang='lat' dir='ltr'>secl</span> <span class='ocrx_word' id='word_1_22' title='bbox 1118 426 1253 488; x_wconf 70' lang='lat' dir='ltr'>aeque</span> <span class='ocrx_word' id='word_1_23' title='bbox 1280 448 1454 487; x_wconf 82' lang='lat' dir='ltr'>magnos</span> <span class='ocrx_word' id='word_1_24' title='bbox 1482 438 1646 475; x_wconf 85' lang='lat' dir='ltr'>iterum·</span> <span class='ocrx_word' id='word_1_25' title='bbox 1665 449 1731 475; x_wconf 83' lang='lat' dir='ltr'>ac-</span> 
     </span>
     <span class='ocr_line' id='line_1_5' title="bbox 471 501 1731 568; baseline -0.007 -8"><span class='ocrx_word' id='word_1_26' title='bbox 471 531 651 561; x_wconf 82' lang='lat' dir='ltr'>crescere</span> <span class='ocrx_word' id='word_1_27' title='bbox 678 518 878 568; x_wconf 83' lang='lat' dir='ltr'>potuisse‚</span> <span class='ocrx_word' id='word_1_28' title='bbox 907 505 1070 563; x_wconf 77' lang='lat' dir='ltr'>semper</span> <span class='ocrx_word' id='word_1_29' title='bbox 1099 510 1275 549; x_wconf 80' lang='lat' dir='ltr'>dubium</span> <span class='ocrx_word' id='word_1_30' title='bbox 1294 512 1470 559; x_wconf 85' lang='lat' dir='ltr'>videtur,</span> <span class='ocrx_word' id='word_1_31' title='bbox 1490 501 1593 552; x_wconf 51' lang='lat' dir='ltr'>novi¹</span> <span class='ocrx_word' id='word_1_32' title='bbox 1620 512 1731 551; x_wconf 84' lang='lat' dir='ltr'>enim</span> 
     </span>
     <span class='ocr_line' id='line_1_6' title="bbox 470 586 1731 652; baseline -0.007 -16"><span class='ocrx_word' id='word_1_33' title='bbox 470 600 542 652; x_wconf 84' lang='lat' dir='ltr'>qui</span> <span class='ocrx_word' id='word_1_34' title='bbox 568 604 756 635; x_wconf 86' lang='lat' dir='ltr'>veterum</span> <span class='ocrx_word' id='word_1_35' title='bbox 786 604 884 628; x_wconf 83' lang='lat' dir='ltr'>mox</span> <span class='ocrx_word' id='word_1_36' title='bbox 913 587 1065 628; x_wconf 81' lang='lat' dir='ltr'>aemuli</span> <span class='ocrx_word' id='word_1_37' title='bbox 1093 590 1194 635; x_wconf 86' lang='lat' dir='ltr'>sint,</span> <span class='ocrx_word' id='word_1_38' title='bbox 1224 599 1313 625; x_wconf 87' lang='lat' dir='ltr'>non</span> <span class='ocrx_word' id='word_1_39' title='bbox 1351 590 1485 639; x_wconf 87' lang='lat' dir='ltr'>capio.</span> <span class='ocrx_word' id='word_1_40' title='bbox 1540 588 1634 627; x_wconf 91' lang='lat' dir='ltr'>Huc</span> <span class='ocrx_word' id='word_1_41' title='bbox 1664 586 1731 627; x_wconf 81' lang='lat' dir='ltr'>ac-</span> 
     </span>
     <span class='ocr_line' id='line_1_7' title="bbox 468 664 1730 721; baseline -0.006 -10"><span class='ocrx_word' id='word_1_42' title='bbox 468 673 577 713; x_wconf 84' lang='lat' dir='ltr'>cedit</span> <span class='ocrx_word' id='word_1_43' title='bbox 607 671 932 721; x_wconf 72' lang='lat' dir='ltr'>experimentum</span> <span class='ocrx_word' id='word_1_44' title='bbox 964 664 1013 703; x_wconf 84' lang='lat' dir='ltr'>ab</span> <span class='ocrx_word' id='word_1_45' title='bbox 1045 677 1182 717; x_wconf 78' lang='lat' dir='ltr'>aegro,</span> <span class='ocrx_word' id='word_1_46' title='bbox 1212 665 1273 701; x_wconf 81' lang='lat' dir='ltr'>rei</span> <span class='ocrx_word' id='word_1_47' title='bbox 1301 665 1366 702; x_wconf 84' lang='lat' dir='ltr'>vix</span> <span class='ocrx_word' id='word_1_48' title='bbox 1391 664 1730 715; x_wconf 52' lang='lat' dir='ltr'>perit0,‘factum</span> 
     </span>
     <span class='ocr_line' id='line_1_8' title="bbox 469 739 1739 798; baseline -0.006 -10"><span class='ocrx_word' id='word_1_49' title='bbox 469 763 570 793; x_wconf 85' lang='lat' dir='ltr'>esse,</span> <span class='ocrx_word' id='word_1_50' title='bbox 601 748 672 798; x_wconf 81' lang='lat' dir='ltr'>qui</span> <span class='ocrx_word' id='word_1_51' title='bbox 701 745 885 782; x_wconf 77' lang='lat' dir='ltr'>Taeniae</span> <span class='ocrx_word' id='word_1_52' title='bbox 914 740 1208 787; x_wconf 63' lang='lat' dir='ltr'>arficulorum,</span> <span class='ocrx_word' id='word_1_53' title='bbox 1246 739 1322 778; x_wconf 91' lang='lat' dir='ltr'>sub</span> <span class='ocrx_word' id='word_1_54' title='bbox 1363 741 1515 780; x_wconf 85' lang='lat' dir='ltr'>eodem</span> <span class='ocrx_word' id='word_1_55' title='bbox 1557 739 1739 798; x_wconf 72' lang='lat' dir='ltr'>certissi-.</span> 
     </span>
     <span class='ocr_line' id='line_1_9' title="bbox 466 816 1729 864; baseline -0.006 0"><span class='ocrx_word' id='word_1_56' title='bbox 466 839 535 864; x_wconf 86' lang='lat' dir='ltr'>me</span> <span class='ocrx_word' id='word_1_57' title='bbox 564 824 742 861; x_wconf 84' lang='lat' dir='ltr'>maxime</span> <span class='ocrx_word' id='word_1_58' title='bbox 772 826 1082 857; x_wconf 81' lang='lat' dir='ltr'>contractorum</span> <span class='ocrx_word' id='word_1_59' title='bbox 1110 829 1329 855; x_wconf 87' lang='lat' dir='ltr'>numerum</span> <span class='ocrx_word' id='word_1_60' title='bbox 1363 816 1560 856; x_wconf 83' lang='lat' dir='ltr'>facillime</span> <span class='ocrx_word' id='word_1_61' title='bbox 1601 827 1729 857; x_wconf 84' lang='lat' dir='ltr'>trans-</span> 
     </span>
     <span class='ocr_line' id='line_1_10' title="bbox 467 893 1729 949; baseline -0.005 -10"><span class='ocrx_word' id='word_1_62' title='bbox 467 904 629 940; x_wconf 80' lang='lat' dir='ltr'>mittere</span> <span class='ocrx_word' id='word_1_63' title='bbox 668 898 883 949; x_wconf 84' lang='lat' dir='ltr'>potuerit;</span> <span class='ocrx_word' id='word_1_64' title='bbox 922 895 1195 946; x_wconf 83' lang='lat' dir='ltr'>Taeniaeque</span> <span class='ocrx_word' id='word_1_65' title='bbox 1232 894 1474 945; x_wconf 87' lang='lat' dir='ltr'>portionem</span> <span class='ocrx_word' id='word_1_66' title='bbox 1513 893 1589 933; x_wconf 90' lang='lat' dir='ltr'>sub</span> <span class='ocrx_word' id='word_1_67' title='bbox 1629 907 1729 934; x_wconf 84' lang='lat' dir='ltr'>con-</span> 
     </span>
     <span class='ocr_line' id='line_1_11' title="bbox 466 973 1728 1026; baseline -0.006 -9"><span class='ocrx_word' id='word_1_68' title='bbox 466 978 669 1017; x_wconf 80' lang='lat' dir='ltr'>tractione</span> <span class='ocrx_word' id='word_1_69' title='bbox 698 973 845 1026; x_wconf 77' lang='lat' dir='ltr'>digitos</span> <span class='ocrx_word' id='word_1_70' title='bbox 875 978 1056 1022; x_wconf 79' lang='lat' dir='ltr'>quatuor</span> <span class='ocrx_word' id='word_1_71' title='bbox 1074 977 1324 1008; x_wconf 75' lang='lat' dir='ltr'>transversos</span> <span class='ocrx_word' id='word_1_72' title='bbox 1347 979 1608 1022; x_wconf 79' lang='lat' dir='ltr'>aequantem,</span> <span class='ocrx_word' id='word_1_73' title='bbox 1630 980 1728 1023; x_wconf 89' lang='lat' dir='ltr'>post</span> 
     </span>
     <span class='ocr_line' id='line_1_12' title="bbox 442 1034 1727 1099; baseline -0.005 -7"><span class='ocrx_word' id='word_1_74' title='bbox 442 1061 642 1092; x_wconf 47' lang='lat' dir='ltr'>‘morteln</span> <span class='ocrx_word' id='word_1_75' title='bbox 672 1049 735 1088; x_wconf 85' lang='lat' dir='ltr'>vel</span> <span class='ocrx_word' id='word_1_76' title='bbox 763 1048 838 1086; x_wconf 87' lang='lat' dir='ltr'>sub</span> <span class='ocrx_word' id='word_1_77' title='bbox 870 1048 1108 1085; x_wconf 85' lang='lat' dir='ltr'>extensione</span> <span class='ocrx_word' id='word_1_78' title='bbox 1135 1034 1254 1097; x_wconf 83' lang='lat' dir='ltr'>pedis</span> <span class='ocrx_word' id='word_1_79' title='bbox 1277 1046 1584 1099; x_wconf 84' lang='lat' dir='ltr'>longitudinem</span> <span class='ocrx_word' id='word_1_80' title='bbox 1607 1050 1727 1086; x_wconf 85' lang='lat' dir='ltr'>attin-</span> 
     </span>
     <span class='ocr_line' id='line_1_13' title="bbox 463 1121 1728 1184; baseline -0.001 -19"><span class='ocrx_word' id='word_1_81' title='bbox 463 1142 574 1184; x_wconf 76' lang='lat' dir='ltr'>gere,</span> <span class='ocrx_word' id='word_1_82' title='bbox 606 1125 796 1180; x_wconf 83' lang='lat' dir='ltr'>quotidie</span> <span class='ocrx_word' id='word_1_83' title='bbox 834 1123 1115 1161; x_wconf 78' lang='lat' dir='ltr'>observamus.</span> <span class='ocrx_word' id='word_1_84' title='bbox 1167 1121 1450 1159; x_wconf 77' lang='lat' dir='ltr'>Articulorum</span> <span class='ocrx_word' id='word_1_85' title='bbox 1486 1136 1614 1174; x_wconf 90' lang='lat' dir='ltr'>porro</span> <span class='ocrx_word' id='word_1_86' title='bbox 1657 1125 1728 1164; x_wconf 86' lang='lat' dir='ltr'>de·</span> 
     </span>
     <span class='ocr_line' id='line_1_14' title="bbox 460 1198 1726 1253; baseline -0.004 -10"><span class='ocrx_word' id='word_1_87' title='bbox 460 1205 713 1242; x_wconf 80' lang='lat' dir='ltr'>lineatorum</span> <span class='ocrx_word' id='word_1_88' title='bbox 740 1198 1025 1252; x_wconf 78' lang='lat' dir='ltr'>magnitudine</span> <span class='ocrx_word' id='word_1_89' title='bbox 1055 1207 1316 1250; x_wconf 86' lang='lat' dir='ltr'>computata,</span> <span class='ocrx_word' id='word_1_90' title='bbox 1356 1198 1632 1253; x_wconf 80' lang='lat' dir='ltr'>quadraginta</span> <span class='ocrx_word' id='word_1_91' title='bbox 1666 1199 1726 1238; x_wconf 90' lang='lat' dir='ltr'>illi</span> 
     </span>
     <span class='ocr_line' id='line_1_15' title="bbox 463 1272 1725 1328; baseline -0.003 -10"><span class='ocrx_word' id='word_1_92' title='bbox 463 1278 625 1318; x_wconf 79' lang='lat' dir='ltr'>articuli</span> <span class='ocrx_word' id='word_1_93' title='bbox 666 1276 771 1313; x_wconf 85' lang='lat' dir='ltr'>duos</span> <span class='ocrx_word' id='word_1_94' title='bbox 814 1276 1034 1310; x_wconf 85' lang='lat' dir='ltr'>minimum</span> <span class='ocrx_word' id='word_1_95' title='bbox 1070 1274 1201 1324; x_wconf 85' lang='lat' dir='ltr'>pedes</span> <span class='ocrx_word' id='word_1_96' title='bbox 1239 1272 1501 1326; x_wconf 82' lang='lat' dir='ltr'>longitudine</span> <span class='ocrx_word' id='word_1_97' title='bbox 1543 1288 1725 1328; x_wconf 83' lang='lat' dir='ltr'>aequare</span> 
     </span>
     <span class='ocr_line' id='line_1_16' title="bbox 464 1348 1725 1402; baseline -0.003 -9"><span class='ocrx_word' id='word_1_98' title='bbox 464 1354 718 1398; x_wconf 81' lang='lat' dir='ltr'>debuissent,</span> <span class='ocrx_word' id='word_1_99' title='bbox 749 1349 802 1388; x_wconf 94' lang='lat' dir='ltr'>de</span> <span class='ocrx_word' id='word_1_100' title='bbox 829 1361 915 1386; x_wconf 86' lang='lat' dir='ltr'>uno</span> <span class='ocrx_word' id='word_1_101' title='bbox 946 1358 1085 1387; x_wconf 80' lang='lat' dir='ltr'>tamen</span> <span class='ocrx_word' id='word_1_102' title='bbox 1111 1348 1222 1400; x_wconf 88' lang='lat' dir='ltr'>pede</span> <span class='ocrx_word' id='word_1_103' title='bbox 1251 1356 1412 1386; x_wconf 87' lang='lat' dir='ltr'>tantum</span> <span class='ocrx_word' id='word_1_104' title='bbox 1439 1349 1649 1402; x_wconf 81' lang='lat' dir='ltr'>loquitur,</span> <span class='ocrx_word' id='word_1_105' title='bbox 1679 1362 1725 1390; x_wconf 90' lang='lat' dir='ltr'>ut</span> 
     </span>
     <span class='ocr_line' id='line_1_17' title="bbox 461 1424 1725 1472; baseline -0.002 -5"><span class='ocrx_word' id='word_1_106' title='bbox 461 1427 540 1471; x_wconf 74' lang='lat' dir='ltr'>hac</span> <span class='ocrx_word' id='word_1_107' title='bbox 569 1440 694 1468; x_wconf 76' lang='lat' dir='ltr'>etiam</span> <span class='ocrx_word' id='word_1_108' title='bbox 721 1429 765 1464; x_wconf 88' lang='lat' dir='ltr'>in</span> <span class='ocrx_word' id='word_1_109' title='bbox 791 1437 837 1463; x_wconf 89' lang='lat' dir='ltr'>re</span> <span class='ocrx_word' id='word_1_110' title='bbox 870 1437 986 1462; x_wconf 84' lang='lat' dir='ltr'>error</span> <span class='ocrx_word' id='word_1_111' title='bbox 1013 1424 1221 1462; x_wconf 87' lang='lat' dir='ltr'>subfuisse</span> <span class='ocrx_word' id='word_1_112' title='bbox 1263 1425 1464 1472; x_wconf 68' lang='lat' dir='ltr'>videatur.</span> <span class='ocrx_word' id='word_1_113' title='bbox 1517 1425 1606 1463; x_wconf 91' lang='lat' dir='ltr'>Nec</span> <span class='ocrx_word' id='word_1_114' title='bbox 1633 1438 1725 1464; x_wconf 86' lang='lat' dir='ltr'>ver-</span> 
     </span>
     <span class='ocr_line' id='line_1_18' title="bbox 461 1501 1724 1552; baseline -0.005 -5"><span class='ocrx_word' id='word_1_115' title='bbox 461 1510 513 1547; x_wconf 87' lang='lat' dir='ltr'>ba</span> <span class='ocrx_word' id='word_1_116' title='bbox 560 1506 721 1544; x_wconf 82' lang='lat' dir='ltr'>addita:</span> <span class='ocrx_word' id='word_1_117' title='bbox 765 1516 808 1540; x_wconf 91' lang='lat' dir='ltr'>se</span> <span class='ocrx_word' id='word_1_118' title='bbox 847 1501 961 1539; x_wconf 86' lang='lat' dir='ltr'>idem</span> <span class='ocrx_word' id='word_1_119' title='bbox 1004 1511 1153 1552; x_wconf 84' lang='lat' dir='ltr'>postea</span> <span class='ocrx_word' id='word_1_120' title='bbox 1200 1503 1529 1552; x_wconf 82' lang='lat' dir='ltr'>experimentum</span> <span class='ocrx_word' id='word_1_121' title='bbox 1572 1502 1724 1541; x_wconf 87' lang='lat' dir='ltr'>eodem</span> 
     </span>
     <span class='ocr_line' id='line_1_19' title="bbox 443 1577 1722 1632; baseline -0.005 -9"><span class='ocrx_word' id='word_1_122' title='bbox 443 1597 557 1623; x_wconf 57' lang='lat' dir='ltr'>»cum</span> <span class='ocrx_word' id='word_1_123' title='bbox 585 1592 779 1620; x_wconf 87' lang='lat' dir='ltr'>successu</span> <span class='ocrx_word' id='word_1_124' title='bbox 805 1581 848 1615; x_wconf 85' lang='lat' dir='ltr'>in</span> <span class='ocrx_word' id='word_1_125' title='bbox 876 1578 1030 1616; x_wconf 86' lang='lat' dir='ltr'>Taenia</span> <span class='ocrx_word' id='word_1_126' title='bbox 1067 1577 1362 1632; x_wconf 32' lang='lat' dir='ltr'>lata-cepisse,</span> <span class='ocrx_word' id='word_1_127' title='bbox 1401 1590 1494 1614; x_wconf 89' lang='lat' dir='ltr'>cum</span> <span class='ocrx_word' id='word_1_128' title='bbox 1524 1577 1606 1616; x_wconf 86' lang='lat' dir='ltr'>hoc</span> <span class='ocrx_word' id='word_1_129' title='bbox 1633 1591 1722 1618; x_wconf 81' lang='lat' dir='ltr'>non</span> 
     </span>
     <span class='ocr_line' id='line_1_20' title="bbox 463 1651 1721 1706; baseline -0.009 -10"><span class='ocrx_word' id='word_1_130' title='bbox 463 1659 661 1696; x_wconf 87' lang='lat' dir='ltr'>traditum</span> <span class='ocrx_word' id='word_1_131' title='bbox 691 1658 756 1702; x_wconf 85' lang='lat' dir='ltr'>sit,</span> <span class='ocrx_word' id='word_1_132' title='bbox 794 1655 933 1706; x_wconf 81' lang='lat' dir='ltr'>magni</span> <span class='ocrx_word' id='word_1_133' title='bbox 961 1652 1151 1700; x_wconf 83' lang='lat' dir='ltr'>habeam,</span> <span class='ocrx_word' id='word_1_134' title='bbox 1197 1659 1275 1690; x_wconf 87' lang='lat' dir='ltr'>nec</span> <span class='ocrx_word' id='word_1_135' title='bbox 1305 1651 1354 1689; x_wconf 86' lang='lat' dir='ltr'>cl.</span> <span class='ocrx_word' id='word_1_136' title='bbox 1382 1654 1455 1699; x_wconf 87' lang='lat' dir='ltr'>vir,</span> <span class='ocrx_word' id='word_1_137' title='bbox 1502 1652 1721 1705; x_wconf 56' lang='lat' dir='ltr'>quiiabu-</span> 
     </span>
     <span class='ocr_line' id='line_1_21' title="bbox 457 1728 1719 1784; baseline -0.002 -12"><span class='ocrx_word' id='word_1_138' title='bbox 457 1734 516 1772; x_wconf 86' lang='lat' dir='ltr'>las</span> <span class='ocrx_word' id='word_1_139' title='bbox 543 1732 743 1784; x_wconf 81' lang='lat' dir='ltr'>plurimas</span> <span class='ocrx_word' id='word_1_140' title='bbox 772 1730 920 1776; x_wconf 78' lang='lat' dir='ltr'>tradat,</span> <span class='ocrx_word' id='word_1_141' title='bbox 952 1738 991 1767; x_wconf 84' lang='lat' dir='ltr'>et</span> <span class='ocrx_word' id='word_1_142' title='bbox 1018 1738 1203 1766; x_wconf 85' lang='lat' dir='ltr'>monstra</span> <span class='ocrx_word' id='word_1_143' title='bbox 1222 1741 1300 1779; x_wconf 87' lang='lat' dir='ltr'>pro</span> <span class='ocrx_word' id='word_1_144' title='bbox 1323 1728 1531 1767; x_wconf 85' lang='lat' dir='ltr'>vermibus</span> <span class='ocrx_word' id='word_1_145' title='bbox 1555 1731 1719 1779; x_wconf 85' lang='lat' dir='ltr'>vendat,</span> 
     </span>
     <span class='ocr_line' id='line_1_22' title="bbox 460 1804 1347 1857; baseline -0.011 -8"><span class='ocrx_word' id='word_1_146' title='bbox 460 1810 704 1849; x_wconf 83' lang='lat' dir='ltr'>observator</span> <span class='ocrx_word' id='word_1_147' title='bbox 732 1806 813 1844; x_wconf 82' lang='lat' dir='ltr'>fide</span> <span class='ocrx_word' id='word_1_148' title='bbox 842 1808 936 1843; x_wconf 85' lang='lat' dir='ltr'>satis</span> <span class='ocrx_word' id='word_1_149' title='bbox 967 1804 1113 1857; x_wconf 80' lang='lat' dir='ltr'>dignus</span> <span class='ocrx_word' id='word_1_150' title='bbox 1138 1804 1347 1844; x_wconf 62' lang='lat' dir='ltr'>videatur,</span> 
     </span>
    </p>

    <p class='ocr_par' dir='ltr' id='par_1_3' title="bbox 453 1880 1722 2469">
     <span class='ocr_line' id='line_1_23' title="bbox 536 1880 1718 1931; baseline -0.001 -9"><span class='ocrx_word' id='word_1_151' title='bbox 536 1884 857 1923; x_wconf 82' lang='lat' dir='ltr'>Observationes</span> <span class='ocrx_word' id='word_1_152' title='bbox 886 1880 1174 1921; x_wconf 84' lang='lat' dir='ltr'>Entozoorum</span> <span class='ocrx_word' id='word_1_153' title='bbox 1201 1882 1258 1917; x_wconf 79' lang='lat' dir='ltr'>ita</span> <span class='ocrx_word' id='word_1_154' title='bbox 1288 1890 1642 1931; x_wconf 81' lang='lat' dir='ltr'>comparatorum,</span> <span class='ocrx_word' id='word_1_155' title='bbox 1671 1893 1718 1922; x_wconf 88' lang='lat' dir='ltr'>ut</span> 
     </span>
     <span class='ocr_line' id='line_1_24' title="bbox 459 1955 1716 2013; baseline -0.001 -16"><span class='ocrx_word' id='word_1_156' title='bbox 459 1962 597 2013; x_wconf 74' lang='lat' dir='ltr'>aliqua</span> <span class='ocrx_word' id='word_1_157' title='bbox 626 1969 746 2011; x_wconf 76' lang='lat' dir='ltr'>parte</span> <span class='ocrx_word' id='word_1_158' title='bbox 773 1957 883 1995; x_wconf 80' lang='lat' dir='ltr'>laesa</span> <span class='ocrx_word' id='word_1_159' title='bbox 915 1966 955 1993; x_wconf 88' lang='lat' dir='ltr'>et</span> <span class='ocrx_word' id='word_1_160' title='bbox 982 1955 1320 2007; x_wconf 82' lang='lat' dir='ltr'>reproductionis</span> <span class='ocrx_word' id='word_1_161' title='bbox 1356 1958 1394 1993; x_wconf 90' lang='lat' dir='ltr'>vi</span> <span class='ocrx_word' id='word_1_162' title='bbox 1429 1959 1617 1999; x_wconf 80' lang='lat' dir='ltr'>restituta</span> <span class='ocrx_word' id='word_1_163' title='bbox 1645 1957 1716 1998; x_wconf 81' lang='lat' dir='ltr'>ha-</span> 
     </span>
     <span class='ocr_line' id='line_1_25' title="bbox 456 2030 1714 2084; baseline -0.002 -8"><span class='ocrx_word' id='word_1_164' title='bbox 456 2038 643 2080; x_wconf 83' lang='lat' dir='ltr'>beantur,</span> <span class='ocrx_word' id='word_1_165' title='bbox 689 2036 920 2071; x_wconf 73' lang='lat' dir='ltr'>rarissimae</span> <span class='ocrx_word' id='word_1_166' title='bbox 957 2032 1128 2084; x_wconf 83' lang='lat' dir='ltr'>quidem</span> <span class='ocrx_word' id='word_1_167' title='bbox 1159 2040 1199 2069; x_wconf 87' lang='lat' dir='ltr'>et</span> <span class='ocrx_word' id='word_1_168' title='bbox 1235 2030 1334 2068; x_wconf 73' lang='lat' dir='ltr'>fidei</span> <span class='ocrx_word' id='word_1_169' title='bbox 1361 2042 1578 2082; x_wconf 84' lang='lat' dir='ltr'>suspectae</span> <span class='ocrx_word' id='word_1_170' title='bbox 1606 2045 1714 2074; x_wconf 86' lang='lat' dir='ltr'>sunt.</span> 
     </span>
     <span class='ocr_line' id='line_1_26' title="bbox 457 2100 1714 2162; baseline -0.002 -11"><span class='ocrx_word' id='word_1_171' title='bbox 457 2100 793 2162; x_wconf 76' lang='lat' dir='ltr'>SicAndryus</span> <span class='ocrx_word' id='word_1_172' title='bbox 825 2107 876 2156; x_wconf 84' lang='lat' dir='ltr'>(l.</span> <span class='ocrx_word' id='word_1_173' title='bbox 908 2121 940 2144; x_wconf 89' lang='lat' dir='ltr'>c.</span> <span class='ocrx_word' id='word_1_174' title='bbox 979 2107 1054 2147; x_wconf 68' lang='lat' dir='ltr'>litt,</span> <span class='ocrx_word' id='word_1_175' title='bbox 1085 2107 1134 2144; x_wconf 68' lang='lat' dir='ltr'>Cr</span> <span class='ocrx_word' id='word_1_176' title='bbox 1161 2106 1240 2154; x_wconf 88' lang='lat' dir='ltr'>D.)</span> <span class='ocrx_word' id='word_1_177' title='bbox 1281 2100 1477 2145; x_wconf 82' lang='lat' dir='ltr'>articulos</span> <span class='ocrx_word' id='word_1_178' title='bbox 1504 2109 1714 2150; x_wconf 73' lang='lat' dir='ltr'>interdum</span> 
     </span>
     <span class='ocr_line' id='line_1_27' title="bbox 454 2183 1712 2240; baseline -0.007 -13"><span class='ocrx_word' id='word_1_179' title='bbox 454 2189 755 2240; x_wconf 82' lang='lat' dir='ltr'>heterogeneos</span> <span class='ocrx_word' id='word_1_180' title='bbox 785 2197 872 2222; x_wconf 85' lang='lat' dir='ltr'>esse</span> <span class='ocrx_word' id='word_1_181' title='bbox 899 2193 1056 2229; x_wconf 90' lang='lat' dir='ltr'>monet,</span> <span class='ocrx_word' id='word_1_182' title='bbox 1095 2185 1150 2219; x_wconf 88' lang='lat' dir='ltr'>ita</span> <span class='ocrx_word' id='word_1_183' title='bbox 1179 2191 1225 2218; x_wconf 83' lang='lat' dir='ltr'>ut</span> <span class='ocrx_word' id='word_1_184' title='bbox 1267 2183 1427 2219; x_wconf 87' lang='lat' dir='ltr'>articuli</span> <span class='ocrx_word' id='word_1_185' title='bbox 1462 2187 1712 2235; x_wconf 78' lang='lat' dir='ltr'>praeceden-</span> 
     </span>
     <span class='ocr_line' id='line_1_28' title="bbox 453 2260 1710 2319; baseline -0.002 -16"><span class='ocrx_word' id='word_1_186' title='bbox 453 2268 503 2304; x_wconf 86' lang='lat' dir='ltr'>tis</span> <span class='ocrx_word' id='word_1_187' title='bbox 531 2276 675 2316; x_wconf 80' lang='lat' dir='ltr'>margo</span> <span class='ocrx_word' id='word_1_188' title='bbox 703 2262 913 2313; x_wconf 70' lang='lat' dir='ltr'>posterIOr</span> <span class='ocrx_word' id='word_1_189' title='bbox 938 2260 1190 2311; x_wconf 86' lang='lat' dir='ltr'>insequentis</span> <span class='ocrx_word' id='word_1_190' title='bbox 1221 2261 1483 2319; x_wconf 80' lang='lat' dir='ltr'>anteriorem,</span> <span class='ocrx_word' id='word_1_191' title='bbox 1513 2271 1560 2298; x_wconf 87' lang='lat' dir='ltr'>ut</span> <span class='ocrx_word' id='word_1_192' title='bbox 1586 2264 1710 2318; x_wconf 84' lang='lat' dir='ltr'>vulgo</span> 
     </span>
     <span class='ocr_line' id='line_1_29' title="bbox 454 2329 1711 2392; baseline -0.006 -14"><span class='ocrx_word' id='word_1_193' title='bbox 454 2341 510 2387; x_wconf 83' lang='lat' dir='ltr'>lit,</span> <span class='ocrx_word' id='word_1_194' title='bbox 539 2352 627 2377; x_wconf 88' lang='lat' dir='ltr'>non</span> <span class='ocrx_word' id='word_1_195' title='bbox 657 2337 845 2392; x_wconf 82' lang='lat' dir='ltr'>obtegat,</span> <span class='ocrx_word' id='word_1_196' title='bbox 877 2336 951 2374; x_wconf 81' lang='lat' dir='ltr'>sed</span> <span class='ocrx_word' id='word_1_197' title='bbox 967 2334 1082 2372; x_wconf 66' lang='lat' dir='ltr'>xalter</span> <span class='ocrx_word' id='word_1_198' title='bbox 1111 2334 1304 2371; x_wconf 86' lang='lat' dir='ltr'>articulus</span> <span class='ocrx_word' id='word_1_199' title='bbox 1352 2344 1436 2373; x_wconf 85' lang='lat' dir='ltr'>tam</span> <span class='ocrx_word' id='word_1_200' title='bbox 1483 2350 1505 2374; x_wconf 87' lang='lat' dir='ltr'>a</span> <span class='ocrx_word' id='word_1_201' title='bbox 1540 2329 1711 2389; x_wconf 77' lang='lat' dir='ltr'>praece..</span> 
     </span>
     <span class='ocr_line' id='line_1_30' title="bbox 454 2409 1722 2469; baseline -0.002 -13"><span class='ocrx_word' id='word_1_202' title='bbox 454 2418 579 2456; x_wconf 86' lang='lat' dir='ltr'>dente</span> <span class='ocrx_word' id='word_1_203' title='bbox 608 2426 743 2466; x_wconf 21' lang='lat' dir='ltr'>quam*</span> <span class='ocrx_word' id='word_1_204' title='bbox 763 2411 812 2449; x_wconf 84' lang='lat' dir='ltr'>ab</span> <span class='ocrx_word' id='word_1_205' title='bbox 831 2414 1074 2463; x_wconf 82' lang='lat' dir='ltr'>insequente</span> <span class='ocrx_word' id='word_1_206' title='bbox 1103 2411 1342 2460; x_wconf 83' lang='lat' dir='ltr'>recipiatur,</span> <span class='ocrx_word' id='word_1_207' title='bbox 1373 2411 1538 2451; x_wconf 88' lang='lat' dir='ltr'>alterius</span> <span class='ocrx_word' id='word_1_208' title='bbox 1568 2409 1722 2469; x_wconf 70' lang='lat' dir='ltr'>autem</span> 
     </span>
    </p>
   </div>
   <div class='ocr_carea' id='block_1_2' title="bbox 451 2487 1704 2544">
    <p class='ocr_par' dir='ltr' id='par_1_4' title="bbox 451 2487 1704 2544">
     <span class='ocr_line' id='line_1_31' title="bbox 451 2487 1704 2544; baseline 0 -14"><span class='ocrx_word' id='word_1_209' title='bbox 451 2494 655 2544; x_wconf 64' lang='lat' dir='ltr'>margines</span> <span class='ocrx_word' id='word_1_210' title='bbox 683 2491 821 2527; x_wconf 78' lang='lat' dir='ltr'>neutri</span> <span class='ocrx_word' id='word_1_211' title='bbox 848 2487 1017 2524; x_wconf 81' lang='lat' dir='ltr'>immissi</span> <span class='ocrx_word' id='word_1_212' title='bbox 1046 2487 1146 2531; x_wconf 76' lang='lat' dir='ltr'>sint,</span> <span class='ocrx_word' id='word_1_213' title='bbox 1185 2500 1292 2537; x_wconf 86' lang='lat' dir='ltr'>quae</span> <span class='ocrx_word' id='word_1_214' title='bbox 1331 2487 1503 2539; x_wconf 85' lang='lat' dir='ltr'>quidem</span> <span class='ocrx_word' id='word_1_215' title='bbox 1529 2493 1704 2530; x_wconf 85' lang='lat' dir='ltr'>varietas</span> 
     </span>
    </p>
   </div>
  </div>
 </body>
</html>
