<?xml version="1.0" encoding="UTF-8"?>
<!DOCTYPE html PUBLIC "-//W3C//DTD XHTML 1.0 Transitional//EN"
    "http://www.w3.org/TR/xhtml1/DTD/xhtml1-transitional.dtd">
<html xmlns="http://www.w3.org/1999/xhtml" xml:lang="en" lang="en">
 <head>
  <title>
</title>
<meta http-equiv="Content-Type" content="text/html;charset=utf-8" />
  <meta name='ocr-system' content='tesseract 3.04.00' />
  <meta name='ocr-capabilities' content='ocr_page ocr_carea ocr_par ocr_line ocrx_word'/>
</head>
<body>
  <div class='ocr_page' id='page_1' title='image "./entozoorumsiveve11808rudo_0249.png"; bbox 0 0 1801 3066; ppageno 0'>
   <div class='ocr_carea' id='block_1_1' title="bbox 1250 181 1328 219">
    <p class='ocr_par' dir='ltr' id='par_1_1' title="bbox 1250 181 1328 219">
     <span class='ocr_line' id='line_1_1' title="bbox 1250 181 1328 219; baseline 0 -12"><span class='ocrx_word' id='word_1_1' title='bbox 1250 181 1328 219; x_wconf 82' lang='lat'>219</span> 
     </span>
    </p>
   </div>
   <div class='ocr_carea' id='block_1_2' title="bbox 63 267 1351 2465">
    <p class='ocr_par' dir='ltr' id='par_1_2' title="bbox 63 267 1341 1394">
     <span class='ocr_line' id='line_1_2' title="bbox 64 267 1329 326; baseline 0.001 -14"><span class='ocrx_word' id='word_1_2' title='bbox 64 275 315 326; x_wconf 77' lang='lat' dir='ltr'>praeprimis</span> <span class='ocrx_word' id='word_1_3' title='bbox 363 283 518 325; x_wconf 74' lang='lat' dir='ltr'>partem</span> <span class='ocrx_word' id='word_1_4' title='bbox 562 282 717 322; x_wconf 81' lang='lat' dir='ltr'>usque,</span> <span class='ocrx_word' id='word_1_5' title='bbox 767 267 840 306; x_wconf 89' lang='lat' dir='ltr'>ubi</span> <span class='ocrx_word' id='word_1_6' title='bbox 883 271 970 307; x_wconf 78' lang='lat' dir='ltr'>vasi</span> <span class='ocrx_word' id='word_1_7' title='bbox 1006 272 1202 324; x_wconf 77' lang='lat' dir='ltr'>genitalia</span> <span class='ocrx_word' id='word_1_8' title='bbox 1228 275 1329 312; x_wconf 86' lang='lat' dir='ltr'>inci-</span> 
     </span>
     <span class='ocr_line' id='line_1_3' title="bbox 63 343 1330 403; baseline -0.001 -15"><span class='ocrx_word' id='word_1_9' title='bbox 63 352 210 403; x_wconf 84' lang='lat' dir='ltr'>piunt,</span> <span class='ocrx_word' id='word_1_10' title='bbox 261 350 486 388; x_wconf 77' lang='lat' dir='ltr'>substantia</span> <span class='ocrx_word' id='word_1_11' title='bbox 523 348 631 384; x_wconf 77' lang='lat' dir='ltr'>circa</span> <span class='ocrx_word' id='word_1_12' title='bbox 676 343 863 383; x_wconf 72' lang='lat' dir='ltr'>canalem</span> <span class='ocrx_word' id='word_1_13' title='bbox 891 346 1168 387; x_wconf 77' lang='lat' dir='ltr'>intestinalem</span> <span class='ocrx_word' id='word_1_14' title='bbox 1191 354 1330 402; x_wconf 79' lang='lat' dir='ltr'>posita</span> 
     </span>
     <span class='ocr_line' id='line_1_4' title="bbox 66 422 1329 477; baseline 0.001 -12"><span class='ocrx_word' id='word_1_15' title='bbox 66 430 261 473; x_wconf 77' lang='lat' dir='ltr'><strong>crassior,</strong></span> <span class='ocrx_word' id='word_1_16' title='bbox 289 427 502 477; x_wconf 67' lang='lat' dir='ltr'>magisque</span> <span class='ocrx_word' id='word_1_17' title='bbox 533 422 741 462; x_wconf 74' lang='lat' dir='ltr'>cellulosa.</span> <span class='ocrx_word' id='word_1_18' title='bbox 795 422 951 459; x_wconf 80' lang='lat' dir='ltr'>Lineae</span> <span class='ocrx_word' id='word_1_19' title='bbox 972 425 1201 463; x_wconf 85' lang='lat' dir='ltr'>introrsum</span> <span class='ocrx_word' id='word_1_20' title='bbox 1229 431 1329 465; x_wconf 87' lang='lat' dir='ltr'>emi-</span> 
     </span>
     <span class='ocr_line' id='line_1_5' title="bbox 66 497 1330 553; baseline -0.002 -11"><span class='ocrx_word' id='word_1_21' title='bbox 66 513 235 545; x_wconf 75' lang='lat' dir='ltr'>nentes,</span> <span class='ocrx_word' id='word_1_22' title='bbox 277 514 324 538; x_wconf 83' lang='lat' dir='ltr'>ex</span> <span class='ocrx_word' id='word_1_23' title='bbox 359 499 467 537; x_wconf 80' lang='lat' dir='ltr'>fibris</span> <span class='ocrx_word' id='word_1_24' title='bbox 496 497 868 552; x_wconf 76' lang='lat' dir='ltr'>longitudinalibus</span> <span class='ocrx_word' id='word_1_25' title='bbox 898 497 1090 549; x_wconf 76' lang='lat' dir='ltr'>plurimis</span> <span class='ocrx_word' id='word_1_26' title='bbox 1120 507 1330 553; x_wconf 80' lang='lat' dir='ltr'>composi-</span> 
     </span>
     <span class='ocr_line' id='line_1_6' title="bbox 68 575 1331 629; baseline -0.002 -11"><span class='ocrx_word' id='word_1_27' title='bbox 68 589 148 627; x_wconf 83' lang='lat' dir='ltr'>tae,</span> <span class='ocrx_word' id='word_1_28' title='bbox 165 591 239 616; x_wconf 77' lang='lat' dir='ltr'>seu</span> <span class='ocrx_word' id='word_1_29' title='bbox 266 576 417 614; x_wconf 81' lang='lat' dir='ltr'>horum</span> <span class='ocrx_word' id='word_1_30' title='bbox 447 575 630 613; x_wconf 76' lang='lat' dir='ltr'>fasciculi</span> <span class='ocrx_word' id='word_1_31' title='bbox 657 576 757 617; x_wconf 82' lang='lat' dir='ltr'>veri,</span> <span class='ocrx_word' id='word_1_32' title='bbox 787 587 867 612; x_wconf 84' lang='lat' dir='ltr'>nec</span> <span class='ocrx_word' id='word_1_33' title='bbox 895 575 1103 626; x_wconf 68' lang='lat' dir='ltr'>sfimplices</span> <span class='ocrx_word' id='word_1_34' title='bbox 1128 577 1208 615; x_wconf 79' lang='lat' dir='ltr'>dici</span> <span class='ocrx_word' id='word_1_35' title='bbox 1235 592 1331 629; x_wconf 76' lang='lat' dir='ltr'>pos·</span> 
     </span>
     <span class='ocr_line' id='line_1_7' title="bbox 66 635 1333 704; baseline -0.002 -10"><span class='ocrx_word' id='word_1_36' title='bbox 66 664 185 701; x_wconf 84' lang='lat' dir='ltr'>sunt,</span> <span class='ocrx_word' id='word_1_37' title='bbox 214 663 261 691; x_wconf 90' lang='lat' dir='ltr'>ut</span> <span class='ocrx_word' id='word_1_38' title='bbox 288 655 530 704; x_wconf 75' lang='lat' dir='ltr'>praesertim</span> <span class='ocrx_word' id='word_1_39' title='bbox 559 653 602 688; x_wconf 87' lang='lat' dir='ltr'>in</span> <span class='ocrx_word' id='word_1_40' title='bbox 629 649 895 699; x_wconf 74' lang='lat' dir='ltr'>lateralibus,</span> <span class='ocrx_word' id='word_1_41' title='bbox 924 652 1196 691; x_wconf 73' lang='lat' dir='ltr'>validioribus</span> <span class='ocrx_word' id='word_1_42' title='bbox 1219 635 1333 693; x_wconf 83' lang='lat' dir='ltr'>vide-</span> 
     </span>
     <span class='ocr_line' id='line_1_8' title="bbox 66 726 1333 781; baseline -0.001 -12"><span class='ocrx_word' id='word_1_43' title='bbox 66 745 112 770; x_wconf 83' lang='lat' dir='ltr'>re</span> <span class='ocrx_word' id='word_1_44' title='bbox 143 740 222 775; x_wconf 81' lang='lat' dir='ltr'>est;</span> <span class='ocrx_word' id='word_1_45' title='bbox 251 732 395 768; x_wconf 73' lang='lat' dir='ltr'>omnes</span> <span class='ocrx_word' id='word_1_46' title='bbox 427 729 596 766; x_wconf 79' lang='lat' dir='ltr'>demum</span> <span class='ocrx_word' id='word_1_47' title='bbox 625 730 667 764; x_wconf 86' lang='lat' dir='ltr'>in</span> <span class='ocrx_word' id='word_1_48' title='bbox 694 726 878 766; x_wconf 73' lang='lat' dir='ltr'>valvulas</span> <span class='ocrx_word' id='word_1_49' title='bbox 909 738 991 767; x_wconf 84' lang='lat' dir='ltr'>tres</span> <span class='ocrx_word' id='word_1_50' title='bbox 1013 732 1159 781; x_wconf 81' lang='lat' dir='ltr'>capitis</span> <span class='ocrx_word' id='word_1_51' title='bbox 1186 743 1231 768; x_wconf 85' lang='lat' dir='ltr'>os</span> <span class='ocrx_word' id='word_1_52' title='bbox 1249 744 1333 769; x_wconf 72' lang='lat' dir='ltr'>am-</span> 
     </span>
     <span class='ocr_line' id='line_1_9' title="bbox 67 804 1334 856; baseline 0.001 -12"><span class='ocrx_word' id='word_1_53' title='bbox 67 807 229 846; x_wconf 68' lang='lat' dir='ltr'>biennes</span> <span class='ocrx_word' id='word_1_54' title='bbox 275 814 315 844; x_wconf 88' lang='lat' dir='ltr'>et</span> <span class='ocrx_word' id='word_1_55' title='bbox 357 806 512 856; x_wconf 75' lang='lat' dir='ltr'>pariter</span> <span class='ocrx_word' id='word_1_56' title='bbox 548 804 801 842; x_wconf 75' lang='lat' dir='ltr'>musculares</span> <span class='ocrx_word' id='word_1_57' title='bbox 841 805 1011 844; x_wconf 75' lang='lat' dir='ltr'>abeunt.</span> <span class='ocrx_word' id='word_1_58' title='bbox 1081 807 1334 845; x_wconf 66' lang='lat' dir='ltr'>Lateranum</span> 
     </span>
     <span class='ocr_line' id='line_1_10' title="bbox 69 881 1336 933; baseline 0.002 -13"><span class='ocrx_word' id='word_1_59' title='bbox 69 883 242 921; x_wconf 79' lang='lat' dir='ltr'>alteram</span> <span class='ocrx_word' id='word_1_60' title='bbox 283 896 303 920; x_wconf 82' lang='lat' dir='ltr'>a</span> <span class='ocrx_word' id='word_1_61' title='bbox 334 883 581 920; x_wconf 61' lang='lat' dir='ltr'>W&#39;ernero</span> <span class='ocrx_word' id='word_1_62' title='bbox 612 881 663 930; x_wconf 85' lang='lat' dir='ltr'>(l.</span> <span class='ocrx_word' id='word_1_63' title='bbox 695 895 728 919; x_wconf 86' lang='lat' dir='ltr'>c.</span> <span class='ocrx_word' id='word_1_64' title='bbox 758 895 799 933; x_wconf 80' lang='lat' dir='ltr'>p.</span> <span class='ocrx_word' id='word_1_65' title='bbox 829 886 912 933; x_wconf 81' lang='lat'><strong>79.)</strong></span> <span class='ocrx_word' id='word_1_66' title='bbox 953 881 1011 920; x_wconf 83' lang='lat' dir='ltr'>ob</span> <span class='ocrx_word' id='word_1_67' title='bbox 1039 882 1233 922; x_wconf 72' lang='lat' dir='ltr'><strong>lumbrici</strong></span> <span class='ocrx_word' id='word_1_68' title='bbox 1260 884 1336 921; x_wconf 85' lang='lat' dir='ltr'>hu-</span> 
     </span>
     <span class='ocr_line' id='line_1_11' title="bbox 69 957 1339 1012; baseline -0.001 -14"><span class='ocrx_word' id='word_1_69' title='bbox 69 963 184 1002; x_wconf 78' lang='lat' dir='ltr'>mani</span> <span class='ocrx_word' id='word_1_70' title='bbox 214 973 308 997; x_wconf 88' lang='lat' dir='ltr'>cum</span> <span class='ocrx_word' id='word_1_71' title='bbox 348 961 529 998; x_wconf 77' lang='lat' dir='ltr'><strong>terrestri</strong></span> <span class='ocrx_word' id='word_1_72' title='bbox 564 957 878 996; x_wconf 83' lang='lat' dir='ltr'>similitudinem</span> <span class='ocrx_word' id='word_1_73' title='bbox 907 972 988 1010; x_wconf 54' lang='lat' dir='ltr'>fro</span> <span class='ocrx_word' id='word_1_74' title='bbox 1026 972 1177 1012; x_wconf 78' lang='lat' dir='ltr'>magna</span> <span class='ocrx_word' id='word_1_75' title='bbox 1210 960 1339 997; x_wconf 83' lang='lat' dir='ltr'>Wil-</span> 
     </span>
     <span class='ocr_line' id='line_1_12' title="bbox 68 1034 1335 1087; baseline 0 -13"><span class='ocrx_word' id='word_1_76' title='bbox 68 1036 177 1074; x_wconf 86' lang='lat' dir='ltr'>lisii</span> <span class='ocrx_word' id='word_1_77' title='bbox 205 1038 375 1082; x_wconf 82' lang='lat' dir='ltr'>arteria,</span> <span class='ocrx_word' id='word_1_78' title='bbox 422 1046 482 1082; x_wconf 83' lang='lat' dir='ltr'>et,</span> <span class='ocrx_word' id='word_1_79' title='bbox 535 1035 653 1087; x_wconf 84' lang='lat' dir='ltr'>quod</span> <span class='ocrx_word' id='word_1_80' title='bbox 681 1034 793 1074; x_wconf 73' lang='lat' dir='ltr'>idem</span> <span class='ocrx_word' id='word_1_81' title='bbox 823 1045 904 1082; x_wconf 73' lang='lat' dir='ltr'>est,</span> <span class='ocrx_word' id='word_1_82' title='bbox 947 1040 979 1073; x_wconf 69' lang='lat' dir='ltr'>&#39;a</span> <span class='ocrx_word' id='word_1_83' title='bbox 1015 1035 1335 1074; x_wconf 66' lang='lat' dir='ltr'>Recentioribus</span> 
     </span>
     <span class='ocr_line' id='line_1_13' title="bbox 68 1110 1336 1164; baseline -0.001 -13"><span class='ocrx_word' id='word_1_84' title='bbox 68 1111 280 1151; x_wconf 82' lang='lat' dir='ltr'>nonnullis</span> <span class='ocrx_word' id='word_1_85' title='bbox 308 1125 387 1163; x_wconf 79' lang='lat' dir='ltr'>pro</span> <span class='ocrx_word' id='word_1_86' title='bbox 424 1125 579 1159; x_wconf 82' lang='lat' dir='ltr'>nerVO,</span> <span class='ocrx_word' id='word_1_87' title='bbox 630 1111 827 1150; x_wconf 72' lang='lat' dir='ltr'>laterales</span> <span class='ocrx_word' id='word_1_88' title='bbox 864 1110 1230 1150; x_wconf 73' lang='lat' dir='ltr'>Vallisnierio</span> <span class='ocrx_word' id='word_1_89' title='bbox 1256 1126 1336 1164; x_wconf 74' lang='lat' dir='ltr'>pro</span> 
     </span>
     <span class='ocr_line' id='line_1_14' title="bbox 71 1186 1339 1242; baseline 0.001 -15"><span class='ocrx_word' id='word_1_90' title='bbox 71 1188 269 1239; x_wconf 78' lang='lat' dir='ltr'>tracheis,</span> <span class='ocrx_word' id='word_1_91' title='bbox 305 1202 530 1242; x_wconf 78' lang='lat' dir='ltr'>perperam</span> <span class='ocrx_word' id='word_1_92' title='bbox 567 1186 730 1228; x_wconf 74' lang='lat' dir='ltr'>habitas</span> <span class='ocrx_word' id='word_1_93' title='bbox 759 1201 870 1236; x_wconf 85' lang='lat' dir='ltr'>esse,</span> <span class='ocrx_word' id='word_1_94' title='bbox 913 1188 1223 1240; x_wconf 74' lang='lat' dir='ltr'>praetereundo</span> <span class='ocrx_word' id='word_1_95' title='bbox 1252 1198 1339 1228; x_wconf 72' lang='lat' dir='ltr'>tan-</span> 
     </span>
     <span class='ocr_line' id='line_1_15' title="bbox 73 1264 1341 1319; baseline -0.002 -15"><span class='ocrx_word' id='word_1_96' title='bbox 73 1275 160 1304; x_wconf 85' lang='lat' dir='ltr'>tum</span> <span class='ocrx_word' id='word_1_97' title='bbox 189 1278 409 1312; x_wconf 86' lang='lat' dir='ltr'>moneam,</span> <span class='ocrx_word' id='word_1_98' title='bbox 437 1268 482 1304; x_wconf 87' lang='lat' dir='ltr'>in</span> <span class='ocrx_word' id='word_1_99' title='bbox 511 1265 618 1319; x_wconf 79' lang='lat' dir='ltr'><strong>Cap.</strong></span> <span class='ocrx_word' id='word_1_100' title='bbox 648 1278 749 1306; x_wconf 85' lang='lat' dir='ltr'>vero</span> <span class='ocrx_word' id='word_1_101' title='bbox 778 1266 832 1304; x_wconf 82' lang='lat' dir='ltr'>X.</span> <span class='ocrx_word' id='word_1_102' title='bbox 863 1275 905 1304; x_wconf 85' lang='lat' dir='ltr'>et</span> <span class='ocrx_word' id='word_1_103' title='bbox 931 1265 1086 1304; x_wconf 79' lang='lat' dir='ltr'>XVHI.</span> <span class='ocrx_word' id='word_1_104' title='bbox 1113 1264 1245 1302; x_wconf 84' lang='lat' dir='ltr'>fusius</span> <span class='ocrx_word' id='word_1_105' title='bbox 1275 1279 1341 1303; x_wconf 85' lang='lat' dir='ltr'>ex-</span> 
     </span>
     <span class='ocr_line' id='line_1_16' title="bbox 71 1355 245 1394; baseline 0 -13"><span class='ocrx_word' id='word_1_106' title='bbox 71 1355 245 1394; x_wconf 82' lang='lat' dir='ltr'>ponam.</span> 
     </span>
    </p>

    <p class='ocr_par' dir='ltr' id='par_1_3' title="bbox 74 1413 1351 2465">
     <span class='ocr_line' id='line_1_17' title="bbox 179 1413 1342 1470; baseline -0.001 -14"><span class='ocrx_word' id='word_1_107' title='bbox 179 1418 227 1456; x_wconf 89' lang='lat' dir='ltr'>In</span> <span class='ocrx_word' id='word_1_108' title='bbox 257 1417 492 1469; x_wconf 68' lang='lat' dir='ltr'>Strongyle</span> <span class='ocrx_word' id='word_1_109' title='bbox 530 1420 777 1470; x_wconf 74' lang='lat' dir='ltr'>giganteo,</span> <span class='ocrx_word' id='word_1_110' title='bbox 822 1414 1020 1454; x_wconf 81' lang='lat' dir='ltr'>Ascaride</span> <span class='ocrx_word' id='word_1_111' title='bbox 1065 1413 1342 1455; x_wconf 83' lang='lat' dir='ltr'>lumbricoide</span> 
     </span>
     <span class='ocr_line' id='line_1_18' title="bbox 76 1491 1342 1545; baseline -0.002 -13"><span class='ocrx_word' id='word_1_112' title='bbox 76 1507 201 1545; x_wconf 80' lang='lat' dir='ltr'><strong>saepe</strong></span> <span class='ocrx_word' id='word_1_113' title='bbox 239 1492 453 1530; x_wconf 77' lang='lat' dir='ltr'>multoties</span> <span class='ocrx_word' id='word_1_114' title='bbox 493 1496 667 1544; x_wconf 76' lang='lat' dir='ltr'>majori,</span> <span class='ocrx_word' id='word_1_115' title='bbox 722 1500 929 1531; x_wconf 76' lang='lat' dir='ltr'>structura</span> <span class='ocrx_word' id='word_1_116' title='bbox 974 1491 1146 1542; x_wconf 84' lang='lat' dir='ltr'>quidem</span> <span class='ocrx_word' id='word_1_117' title='bbox 1195 1491 1342 1540; x_wconf 80' lang='lat' dir='ltr'>affinis,</span> 
     </span>
     <span class='ocr_line' id='line_1_19' title="bbox 76 1566 1344 1614; baseline -0.002 -6"><span class='ocrx_word' id='word_1_118' title='bbox 76 1571 316 1608; x_wconf 80' lang='lat' dir='ltr'><strong>discrimine</strong></span> <span class='ocrx_word' id='word_1_119' title='bbox 345 1577 487 1606; x_wconf 85' lang='lat' dir='ltr'>tamen</span> <span class='ocrx_word' id='word_1_120' title='bbox 513 1567 716 1614; x_wconf 73' lang='lat' dir='ltr'>notabili,</span> <span class='ocrx_word' id='word_1_121' title='bbox 753 1566 1012 1605; x_wconf 84' lang='lat' dir='ltr'>observatur.</span> <span class='ocrx_word' id='word_1_122' title='bbox 1078 1566 1192 1604; x_wconf 84' lang='lat' dir='ltr'>Cutis</span> <span class='ocrx_word' id='word_1_123' title='bbox 1221 1569 1344 1605; x_wconf 87' lang='lat' dir='ltr'>nimi-</span> 
     </span>
     <span class='ocr_line' id='line_1_20' title="bbox 74 1637 1344 1698; baseline -0.003 -14"><span class='ocrx_word' id='word_1_124' title='bbox 74 1659 167 1684; x_wconf 84' lang='lat' dir='ltr'>rum</span> <span class='ocrx_word' id='word_1_125' title='bbox 199 1658 223 1682; x_wconf 89' lang='lat' dir='ltr'><strong>a</strong></span> <span class='ocrx_word' id='word_1_126' title='bbox 250 1644 386 1692; x_wconf 86' lang='lat' dir='ltr'>fibris,</span> <span class='ocrx_word' id='word_1_127' title='bbox 416 1647 650 1698; x_wconf 79' lang='lat' dir='ltr'>praecipue</span> <span class='ocrx_word' id='word_1_128' title='bbox 678 1637 1042 1688; x_wconf 51' lang='lat' dir='ltr'>transvers&#39;alibus,</span> <span class='ocrx_word' id='word_1_129' title='bbox 1070 1644 1200 1694; x_wconf 83' lang='lat' dir='ltr'>magis</span> <span class='ocrx_word' id='word_1_130' title='bbox 1228 1655 1344 1694; x_wconf 82' lang='lat' dir='ltr'>sepa-</span> 
     </span>
     <span class='ocr_line' id='line_1_21' title="bbox 76 1718 1346 1774; baseline -0.002 -15"><span class='ocrx_word' id='word_1_131' title='bbox 76 1720 239 1768; x_wconf 83' lang='lat' dir='ltr'>rabilis,</span> <span class='ocrx_word' id='word_1_132' title='bbox 268 1719 436 1774; x_wconf 86' lang='lat' dir='ltr'>haeque</span> <span class='ocrx_word' id='word_1_133' title='bbox 465 1735 593 1774; x_wconf 81' lang='lat' dir='ltr'>quam</span> <span class='ocrx_word' id='word_1_134' title='bbox 630 1723 675 1759; x_wconf 90' lang='lat' dir='ltr'>in</span> <span class='ocrx_word' id='word_1_135' title='bbox 701 1719 901 1758; x_wconf 80' lang='lat' dir='ltr'>Ascaride</span> <span class='ocrx_word' id='word_1_136' title='bbox 936 1718 1220 1757; x_wconf 81' lang='lat' dir='ltr'>lumbricoide</span> <span class='ocrx_word' id='word_1_137' title='bbox 1246 1720 1346 1757; x_wconf 81' lang='lat' dir='ltr'>vali-</span> 
     </span>
     <span class='ocr_line' id='line_1_22' title="bbox 78 1794 1346 1848; baseline -0.003 -12"><span class='ocrx_word' id='word_1_138' title='bbox 78 1799 232 1846; x_wconf 80' lang='lat' dir='ltr'>diores,</span> <span class='ocrx_word' id='word_1_139' title='bbox 261 1806 309 1835; x_wconf 87' lang='lat' dir='ltr'>ut</span> <span class='ocrx_word' id='word_1_140' title='bbox 336 1811 430 1836; x_wconf 88' lang='lat' dir='ltr'>cum</span> <span class='ocrx_word' id='word_1_141' title='bbox 457 1798 665 1839; x_wconf 78' lang='lat' dir='ltr'>larvarum</span> <span class='ocrx_word' id='word_1_142' title='bbox 684 1798 892 1848; x_wconf 82' lang='lat' dir='ltr'>majorum</span> <span class='ocrx_word' id='word_1_143' title='bbox 907 1794 1105 1833; x_wconf 81' lang='lat' dir='ltr'>musculis</span> <span class='ocrx_word' id='word_1_144' title='bbox 1126 1794 1217 1832; x_wconf 83' lang='lat' dir='ltr'>fere</span> <span class='ocrx_word' id='word_1_145' title='bbox 1232 1808 1346 1833; x_wconf 91' lang='lat' dir='ltr'>com-</span> 
     </span>
     <span class='ocr_line' id='line_1_23' title="bbox 79 1870 1347 1927; baseline -0.004 -14"><span class='ocrx_word' id='word_1_146' title='bbox 79 1887 287 1927; x_wconf 81' lang='lat' dir='ltr'>pararem.</span> <span class='ocrx_word' id='word_1_147' title='bbox 365 1875 474 1912; x_wconf 88' lang='lat' dir='ltr'>Octo</span> <span class='ocrx_word' id='word_1_148' title='bbox 512 1875 698 1927; x_wconf 84' lang='lat' dir='ltr'>denique</span> <span class='ocrx_word' id='word_1_149' title='bbox 734 1873 933 1912; x_wconf 81' lang='lat' dir='ltr'>fibrarum</span> <span class='ocrx_word' id='word_1_150' title='bbox 974 1870 1347 1924; x_wconf 81' lang='lat' dir='ltr'>longitudinalium</span> 
     </span>
     <span class='ocr_line' id='line_1_24' title="bbox 79 1947 1347 2005; baseline -0.003 -15"><span class='ocrx_word' id='word_1_151' title='bbox 79 1950 266 1990; x_wconf 79' lang='lat' dir='ltr'>fasciculi</span> <span class='ocrx_word' id='word_1_152' title='bbox 296 1951 470 1990; x_wconf 87' lang='lat' dir='ltr'>totidem</span> <span class='ocrx_word' id='word_1_153' title='bbox 497 1950 722 2005; x_wconf 80' lang='lat' dir='ltr'>ligamenta</span> <span class='ocrx_word' id='word_1_154' title='bbox 748 1950 984 1989; x_wconf 79' lang='lat' dir='ltr'>transversis</span> <span class='ocrx_word' id='word_1_155' title='bbox 1024 1947 1232 1995; x_wconf 85' lang='lat' dir='ltr'>offerunt,</span> <span class='ocrx_word' id='word_1_156' title='bbox 1272 1947 1347 1986; x_wconf 88' lang='lat' dir='ltr'>sed</span> 
     </span>
     <span class='ocr_line' id='line_1_25' title="bbox 81 2024 1344 2081; baseline -0.003 -15"><span class='ocrx_word' id='word_1_157' title='bbox 81 2032 185 2068; x_wconf 86' lang='lat' dir='ltr'>istae</span> <span class='ocrx_word' id='word_1_158' title='bbox 224 2041 558 2081; x_wconf 83' lang='lat' dir='ltr'>nonnunquam,</span> <span class='ocrx_word' id='word_1_159' title='bbox 598 2028 752 2066; x_wconf 82' lang='lat' dir='ltr'>lineam</span> <span class='ocrx_word' id='word_1_160' title='bbox 798 2028 978 2064; x_wconf 82' lang='lat' dir='ltr'>vicinam</span> <span class='ocrx_word' id='word_1_161' title='bbox 1018 2024 1344 2076; x_wconf 84' lang='lat' dir='ltr'>praetereundo,</span> 
     </span>
     <span class='ocr_line' id='line_1_26' title="bbox 83 2102 1350 2146; baseline -0.006 -1"><span class='ocrx_word' id='word_1_162' title='bbox 83 2115 268 2146; x_wconf 85' lang='lat' dir='ltr'>remotae</span> <span class='ocrx_word' id='word_1_163' title='bbox 295 2108 546 2144; x_wconf 84' lang='lat' dir='ltr'>inseruntur.</span> <span class='ocrx_word' id='word_1_164' title='bbox 609 2102 812 2142; x_wconf 85' lang='lat' dir='ltr'>Fasciculi</span> <span class='ocrx_word' id='word_1_165' title='bbox 841 2112 937 2141; x_wconf 88' lang='lat' dir='ltr'>octo</span> <span class='ocrx_word' id='word_1_166' title='bbox 965 2102 1191 2139; x_wconf 83' lang='lat' dir='ltr'>memorati</span> <span class='ocrx_word' id='word_1_167' title='bbox 1217 2103 1261 2139; x_wconf 91' lang='lat' dir='ltr'>in</span> <span class='ocrx_word' id='word_1_168' title='bbox 1288 2109 1350 2138; x_wconf 88' lang='lat' dir='ltr'>tu-</span> 
     </span>
     <span class='ocr_line' id='line_1_27' title="bbox 86 2176 1351 2232; baseline -0.006 -12"><span class='ocrx_word' id='word_1_169' title='bbox 86 2182 255 2221; x_wconf 81' lang='lat' dir='ltr'>bercula</span> <span class='ocrx_word' id='word_1_170' title='bbox 294 2197 342 2221; x_wconf 84' lang='lat' dir='ltr'>ex</span> <span class='ocrx_word' id='word_1_171' title='bbox 379 2181 556 2229; x_wconf 79' lang='lat' dir='ltr'>abeunt,</span> <span class='ocrx_word' id='word_1_172' title='bbox 604 2183 714 2220; x_wconf 77' lang='lat' dir='ltr'>circa</span> <span class='ocrx_word' id='word_1_173' title='bbox 752 2193 798 2218; x_wconf 84' lang='lat' dir='ltr'>os</span> <span class='ocrx_word' id='word_1_174' title='bbox 836 2181 997 2232; x_wconf 80' lang='lat' dir='ltr'>posita,</span> <span class='ocrx_word' id='word_1_175' title='bbox 1038 2179 1098 2215; x_wconf 81' lang='lat' dir='ltr'>uti</span> <span class='ocrx_word' id='word_1_176' title='bbox 1127 2176 1351 2214; x_wconf 83' lang='lat' dir='ltr'>Collet-</span> 
     </span>
     <span class='ocr_line' id='line_1_28' title="bbox 86 2255 1349 2314; baseline -0.006 -18"><span class='ocrx_word' id='word_1_177' title='bbox 86 2259 133 2296; x_wconf 87' lang='lat' dir='ltr'><strong>M</strong></span> <span class='ocrx_word' id='word_1_178' title='bbox 145 2268 332 2314; x_wconf 82' lang='lat' dir='ltr'>eygret</span> <span class='ocrx_word' id='word_1_179' title='bbox 359 2260 527 2308; x_wconf 88' lang='lat' dir='ltr'>(Journ.</span> <span class='ocrx_word' id='word_1_180' title='bbox 558 2259 610 2297; x_wconf 89' lang='lat' dir='ltr'>de</span> <span class='ocrx_word' id='word_1_181' title='bbox 638 2257 759 2312; x_wconf 83' lang='lat' dir='ltr'>Phys.</span> <span class='ocrx_word' id='word_1_182' title='bbox 792 2259 904 2297; x_wconf 86' lang='lat'>1802.</span> <span class='ocrx_word' id='word_1_183' title='bbox 932 2269 974 2308; x_wconf 91' lang='lat' dir='ltr'>p.</span> <span class='ocrx_word' id='word_1_184' title='bbox 1004 2255 1093 2305; x_wconf 75' lang='lat'>458.</span> <span class='ocrx_word' id='word_1_185' title='bbox 1123 2256 1203 2307; x_wconf 84' lang='lat' dir='ltr'>sq.)</span> <span class='ocrx_word' id='word_1_186' title='bbox 1232 2260 1349 2290; x_wconf 82' lang='lat' dir='ltr'>recte</span> 
     </span>
     <span class='ocr_line' id='line_1_29' title="bbox 88 2328 1348 2387; baseline -0.006 -15"><span class='ocrx_word' id='word_1_187' title='bbox 88 2337 299 2383; x_wconf 86' lang='lat' dir='ltr'>meminit,</span> <span class='ocrx_word' id='word_1_188' title='bbox 335 2337 407 2387; x_wconf 91' lang='lat' dir='ltr'>qui</span> <span class='ocrx_word' id='word_1_189' title='bbox 444 2344 581 2374; x_wconf 81' lang='lat' dir='ltr'>cetera</span> <span class='ocrx_word' id='word_1_190' title='bbox 619 2344 759 2373; x_wconf 82' lang='lat' dir='ltr'>autem</span> <span class='ocrx_word' id='word_1_191' title='bbox 788 2333 899 2371; x_wconf 82' lang='lat' dir='ltr'>male</span> <span class='ocrx_word' id='word_1_192' title='bbox 933 2335 1099 2379; x_wconf 83' lang='lat' dir='ltr'>miscet,</span> <span class='ocrx_word' id='word_1_193' title='bbox 1137 2328 1348 2381; x_wconf 84' lang='lat' dir='ltr'>fibrasque</span> 
     </span>
     <span class='ocr_line' id='line_1_30' title="bbox 90 2409 1021 2465; baseline 0 -17"><span class='ocrx_word' id='word_1_194' title='bbox 90 2414 268 2450; x_wconf 83' lang='lat' dir='ltr'>internas</span> <span class='ocrx_word' id='word_1_195' title='bbox 295 2423 375 2462; x_wconf 89' lang='lat' dir='ltr'>pro</span> <span class='ocrx_word' id='word_1_196' title='bbox 404 2414 567 2465; x_wconf 79' lang='lat' dir='ltr'>organis</span> <span class='ocrx_word' id='word_1_197' title='bbox 596 2409 830 2450; x_wconf 81' lang='lat' dir='ltr'>sexualibus</span> <span class='ocrx_word' id='word_1_198' title='bbox 865 2410 1021 2448; x_wconf 85' lang='lat' dir='ltr'>vendit.</span> 
     </span>
    </p>
   </div>
   <div class='ocr_carea' id='block_1_3' title="bbox 194 2479 1352 2538">
    <p class='ocr_par' dir='ltr' id='par_1_4' title="bbox 194 2479 1352 2538">
     <span class='ocr_line' id='line_1_31' title="bbox 194 2479 1352 2538; baseline -0.008 -12"><span class='ocrx_word' id='word_1_199' title='bbox 194 2487 245 2526; x_wconf 83' lang='lat' dir='ltr'>In</span> <span class='ocrx_word' id='word_1_200' title='bbox 272 2487 511 2538; x_wconf 75' lang='lat' dir='ltr'>Strongyle</span> <span class='ocrx_word' id='word_1_201' title='bbox 539 2497 729 2535; x_wconf 71' lang='lat' dir='ltr'>armato,</span> <span class='ocrx_word' id='word_1_202' title='bbox 758 2487 869 2531; x_wconf 78' lang='lat' dir='ltr'>ultra</span> <span class='ocrx_word' id='word_1_203' title='bbox 898 2494 996 2524; x_wconf 87' lang='lat' dir='ltr'>octo</span> <span class='ocrx_word' id='word_1_204' title='bbox 1024 2484 1178 2528; x_wconf 77' lang='lat' dir='ltr'>lineas,</span> <span class='ocrx_word' id='word_1_205' title='bbox 1205 2483 1251 2519; x_wconf 85' lang='lat' dir='ltr'>ni</span> <span class='ocrx_word' id='word_1_206' title='bbox 1278 2479 1352 2518; x_wconf 83' lang='lat' dir='ltr'>fal-</span> 
     </span>
    </p>
   </div>
  </div>
 </body>
</html>
