1801 3066
1245 189 1325 238 415

57 308 327 347 summopere
365 292 580 331 falluntur.
647 288 766 326 Haec
796 290 907 326 enim
937 294 1155 342 generatio
1186 307 1323 346 aeque

56 386 104 412 ac
132 372 321 423 reliqua,
349 373 434 407 sive
465 363 662 413 sexualis,
695 378 716 402 a
744 374 920 402 naturae
949 364 1109 418 legibus
1140 372 1322 409 aeternis

57 460 99 489 et
127 460 342 499 nunquam
380 444 593 482 mutandis
634 442 816 480 derivari
858 439 1027 489 debet,'
1054 454 1100 480 ut
1128 449 1320 495 materie,

53 525 178 572 loco,
217 532 257 561 et
295 534 404 574 quae
442 529 666 570 praeterea
696 519 992 569 requiruntur,
1033 524 1323 559 convenienti-

53 599 129 638 bus
170 606 489 644 convenientia,
533 596 708 633 diversis
750 604 890 632 autem
921 594 1087 633 diversa
1116 598 1318 635 oriantur.

52 676 96 713 Si
124 677 167 712 in
194 688 348 726 percae
383 672 546 724 hepatis
575 670 777 725 hydatide
805 672 995 719 Ascaris,
1040 685 1120 710 nec
1149 673 1320 710 Tricns—

52 752 237 804 pidaria,
285 763 392 802 quae
431 750 597 798 saepius
634 758 775 785 tamen
805 750 1012 796 occurrit,
1059 746 1182 785 nobis
1214 745 1320 786 offe-

52 839 189 873 rat-nr,
229 831 260 866 si
289 831 330 865 in
358 824 547 865 vesiculis
592 826 775 862 erinacei
803 826 987 862 minimis
1016 837 1113 862 mox
1140 825 1319 874 Ascaris,

52 918 151 942 mox
179 905 370 942 Distoma
401 910 615 952 appareat,
645 900 688 938 id
709 914 730 938 a
761 914 859 938 casu
891 901 1068 939 fortuito
1093 903 1321 940 certissime

53 993 142 1017 non
177 975 359 1030 pendet,
402 982 475 1030 qui
514 979 626 1016 enim
666 990 783 1014 casus
814 976 966 1014 animal
994 975 1223 1014 faberrime
1253 990 1320 1014 ex—

54 1064 255 1093 structum
283 1056 527 1105 producere
557 1052 711 1104 queat?
749 1053 840 1090 Nec
866 1055 909 1090 in
937 1055 1115 1091 minimis
1146 1052 1320 1104 quidem

52 1129 230 1168 fortuito
261 1130 421 1182 ahquid
448 1129 538 1167 fieri
568 1129 830 1177 observatur,
860 1130 936 1168 sed
960 1130 1113 1168 eodem
1149 1142 1317 1180 semper

51 1206 183 1243 modo
233 1205 582 1244 animalculorum
623 1207 929 1244 infusoriorum
969 1208 1096 1243 series
1135 1207 1179 1241 in
1217 1218 1318 1243 con-

54 1270 247 1332 spectum
283 1284 483 1328 veniunt,
525 1291 567 1319 et
600 1281 812 1333 infusione
842 1291 998 1319 mutata
1026 1284 1117 1331 ipsa
1146 1293 1319 1333 quoque

54 1366 282 1394 mutantur.

131 1433 291 1471 Eadem
322 1444 437 1471 certe
465 1435 574 1471 inter
602 1433 792 1471 Entozoa
822 1446 869 1470 ac
896 1431 1059 1484 reliqua
1088 1435 1313 1480 intervani·

51 1519 208 1547 mantia
239 1510 291 1547 ad
322 1511 500 1548 eandem
528 1512 785 1561 pertinentia
814 1509 987 1546 classem
1016 1512 1313 1549 convenientia

52 1585 195 1623 locum
223 1584 362 1633 habet,
393 1596 433 1623 et
462 1600 570 1637 quae
600 1585 714 1623 mille
744 1595 840 1623 ante
871 1599 1002 1623 annos
1032 1587 1220 1623 Taeniae
1248 1585 1316 1623 vel

52 1662 260 1700 Ascaridis
288 1661 416 1699 fuerit
438 1662 598 1710 Forma,
641 1675 776 1713 aeque
816 1660 926 1699 bene
957 1674 1004 1698 ac
1035 1659 1248 1711 elephanti
1278 1671 1318 1699 et

51 1725 282 1785 balaenae,
312 1739 460 1775 eadem
491 1749 529 1776 et
560 1752 727 1789 semper
757 1740 846 1776 erit.
1307 1764 1315 1779 .

130 1815 253 1851 Nova
282 1823 423 1850 tamen
449 1812 541 1850 fieri
568 1827 716 1864 posse,
744 1816 916 1851 minime
944 1826 1122 1866 negem,
1152 1822 1343 1852 contra-t

53 1893 164 1929 rium
204 1892 314 1927 enim
342 1888 513 1939 probari
541 1893 711 1941 nequit,
751 1899 792 1927 et
828 1892 1036 1927 viscerum
1071 1887 1182 1925 forte
1210 1891 1316 1927 vitiis

54 1969 200 2013 novis,
248 1964 564 2003 dissimilatione
608 1974 768 2003 mutata
809 1968 992 2016 stipatis,
1037 1977 1149 2002 nova
1195 1968 1317 2002 etiam

58 2045 251 2083 oriantur
281 2052 480 2080 entozoa:
527 2056 629 2079 num
659 2050 798 2078 autem
827 2054 925 2078 vere
954 2053 1065 2078 nova
1095 2042 1198 2088 sint,
1239 2054 1317 2078 nec

55 2133 133 2168 ne,
177 2133 271 2157 cum
300 2128 489 2156 veterum
523 2119 708 2170 cognitio
737 2115 860 2155 valde
888 2129 1035 2153 manca
1065 2118 1138 2164 sit,
1180 2116 1318 2153 deter-

55 2198 216 2233 minatu
233 2193 535 2242 difficillimum,
558 2204 628 2231 ant
647 2207 863 2245 nunquam
880 2190 1203 2229 determinabile
1224 2193 1316 2232 erit.

139 2271 233 2308 Hoc
261 2273 402 2323 itaque
430 2284 518 2309 non
545 2269 744 2321 impedit,
775 2281 860 2321 quo
882 2269 1018 2304 minus
1040 2277 1318 2305 entozoorum

35 2359 215 2401 ,genera
255 2357 296 2386 et
324 2349 508 2398 species,
547 2344 782 2397 harumque
819 2346 1041 2383 varietates
1071 2343 1317 2393 condamus,

57 2434 100 2464 et
127 2436 236 2475 quae
264 2426 308 2462 in
335 2421 396 2462 his
430 2422 497 2463 vel
526 2426 786 2463 constantiae
820 2420 887 2461 vel
915 2422 1220 2459 inconstantiae
1247 2415 1319 2460 ve-
