1801 3066
404 150 482 189 522

406 254 591 294 dalarum
620 252 795 291 rancido
835 252 1084 300 obliniebat,
1123 253 1668 306 languescebant‘quidem,

402 331 477 371 sed
503 329 618 369 nulla
648 330 784 380 periit.
838 330 1072 367 Nonnullas
1103 330 1256 368 eodem
1284 331 1380 369 oleo
1408 313 1668 379 infundebat,

405 407 537 445 horae
564 407 822 460 sexagesimis
854 406 1093 458 quindecim
1125 406 1271 457 elapsis
1302 419 1445 444 omnes
1475 406 1669 445 immobi-

404 484 477 532 les,
506 483 650 536 paullo
679 492 776 535 post
805 493 941 521 autem
969 482 1277 521 reviviscebant.
1332 484 1502 536 Aliquot
1517 486 1564 522 in>
1584 484 1669 523 ole'-

404 575 475 599 um
505 558 807 599 terebinthinae
835 562 987 608 injecit,
1019 573 1121 612 quas
1140 561 1379 612 quindecim
1398 563 1558 599 circiter
1584 574 1668 599 sex-

403 639 593 692 agesimis
641 637 788 687 elapsis
832 646 1017 676 mortuas
1071 637 1187 678 vidit.
1253 636 1470 689 Sulphuris
1511 638 1670 675 incensi

402 713 628 766 vaporibus
669 726 812 751 omnes
846 715 953 752 intra
996 716 1182 766 quinque
1219 712 1348 752 horae
1395 715 1668 767 sexagesimas

404 784 732 830 suffocabantur.
788 790 865 828 Per
901 803 968 828 sex
1008 800 1048 829 et
1082 790 1171 828 fere
1207 800 1366 842 septem
1402 790 1490 829 dies
1528 790 1668 829 larvae

403 869 542 922 plures
573 867 731 920 absque
760 866 957 905 alimento
984 869 1183 905 vixerunt.
1652 848 1666 851 —

484 946 525 982 Si
555 958 654 998 ergo
682 944 803 982 larvis
832 945 1341 998 ventriculumequinum
1378 942 1666 983 obsidentibus

403 1023 759 1061 medicamentum
789 1033 1008 1072 opponere
1036 1020 1194 1069 lubeat,
1223 1022 1362 1061 oleum
1390 1021 1457 1060 vel
1487 1020 1668 1058 terebin-

403 1097 558 1143 thinae,
586 1096 652 1135 vel
681 1097 796 1149 quod
825 1098 1096 1148 praeFerrem,
1127 1100 1528 1151 empyreumaticum
1570 1096 1668 1135 huic

400 1189 520 1214 more
551 1173 827 1211 Chabertiaaeo
855 1182 1048 1223 nuptum,
1078 1172 1287 1210 adhibeas.
1320 1159 1468 1224 “Quae
1502 1176 1547 1211 in
1583 1175 1669 1211 ovi-

400 1266 473 1289 um
499 1249 670 1288 sinubus
698 1247 945 1287 frontalibus
976 1248 1132 1302 degunt
1157 1250 1393 1287 nicotianae
1427 1248 1570 1286 forsan
1595 1261 1667 1286 va-

400 1326 577 1381 poribus
605 1327 769 1382 saepius
805 1327 995 1363 immissis
1040 1333 1317 1370 necarentur,
1360 1324 1431 1362 sed
1476 1326 1668 1364 omnium

403 1419 501 1444 sane
531 1401 772 1442 difficillime
812 1401 1049 1453 pellendae.
1118 1401 1432 1448 Subcutaneae,
1469 1414 1564 1440 cum
1605 1409 1669 1440 tu-

403 1480 584 1521 berculis
599 1507 611 1526 ,
667 1481 711 1519 in
754 1479 902 1531 quibus
979 1478 1190 1527 habitant,
1254 1476 1557 1516 foraminulum
1591 1480 1666 1526 sit,

402 1573 481 1613 per
510 1556 627 1612 quod
657 1557 728 1597 aer
755 1555 1020 1606 inspirandus
1051 1555 1241 1602 accedat,
1271 1553 1479 1606 sulphuris
1510 1557 1667 1594 accensi

402 1619 630 1688 vaporibus
659 1634 798 1670 necari
826 1642 1015 1683 possent,
1045 1632 1120 1670 sed
1149 1646 1197 1670 ex
1231 1631 1353 1670 larvis
1388 1630 1543 1670 relictis
1579 1639 1671 1685 'rufi³

401 1713 466 1763 jor
492 1710 634 1748 fdrsan
660 1707 776 1747 labes
806 1711 1003 1755 oriretur,
1036 1722 1162 1761 quam
1190 1710 1224 1746 si
1249 1708 1409 1746 nullam
1448 1721 1574 1759 opem
1608 1708 1668 1747 fe-

403 1802 484 1835 ras,
516 1796 557 1826 et
584 1795 762 1837 tempus,
793 1799 878 1838 quo
909 1795 1058 1836 sponte
1086 1785 1300 1830 recedant,
1330 1794 1555 1835 exspectes-

484 1863 655 1916 Greges,
685 1863 717 1899 si
747 1860 897 1915 diebus·
930 1861 1071 1899 calidis
1108 1860 1390 1908 stabulantur,
1431 1860 1481 1899 ab
1510 1862 1667 1899 nestris

405 1949 609 1988 arcentur,
641 1946 682 1976 et
710 1940 808 1990 equi
837 1939 1073 1989 speciatim,
1111 1940 1159 1976 iis
1199 1939 1384 1990 corporis
1417 1938 1553 1986 locis„
1584 1942 1669 1990 qua

407 2019 532 2056 oestri
562 2029 640 2054 ova
668 2015 884 2067 deponere
923 2015 1078 2062 solent,
1128 2014 1319 2067 quotidie
1356 2015 1593 2055 examinatis
1629 2004 1710 2057 etK'

407 2107 515 2147 aqua
545 2091 717 2139 ablutis,
748 2093 922 2145 ovisque
959 2094 1129 2144 repertis
1161 2092 1400 2141 destructis,
1439 2091 1490 2130 ab
1518 2091 1668 2130 iisdem

405 2173 613 2210 immunes
642 2168 763 2206 reddi
790 2178 976 2220 possunt.
1033 2169 1213 2223 Magnae
1242 2177 1380 2207 autem
1416 2167 1671 2206 ubi·dantur

407 2260 565 2302 greges,
595 2244 660 2283 vel
688 2244 763 2284 ubi
792 2246 960 2297 equirin
980 2244 1082 2298 ¹loco
1111 2255 1282 2284 remoto
1312 2253 1558 2297 pascuntur,
1597 2253 1670 2283 aut

408 2325 532 2362 servis
570 2321 666 2360 solis
705 2322 858 2360 horum
897 2335 992 2360 cura
1031 2325 1251 2360 commissa
1289 2331 1375 2368 est,
1403 2321 1668 2375 prophylaxis

407 2401 471 2437 vix
497 2398 639 2437 locum
675 2396 868 2444 habebit,
906 2411 983 2437 nec
1017 2401 1157 2451 magni
1194 2397 1276 2437 hoc
1309 2401 1489 2438 interest.
1545 2398 1683 2443 Pauci

410 2488 509 2515 sane
553 2476 651 2529 equi
693 2477 924 2531 vegetiores
978 2475 1029 2515 ab
1073 2477 1216 2516 oestris
1270 2474 1393 2514 liberi
1432 2483 1552 2522 sunt,
1594 2473 1670 2513 sed
