1801 3066
422 171 506 218 518
1547 217 1555 221 .
1696 201 1710 223 ι

428 275 628 316 articulos
657 280 873 313 occurant.
928 274 1146 313 Interdum
1175 276 1301 313 etiam
1323 277 1520 314 ovarium
1538 281 1690 319 articu-

426 353 570 392 lorum
595 351 789 391 nondum
816 361 1132 403 separatorum,
1179 352 1255 390 sed
1284 354 1485 391 tenaciter
1513 353 1592 392 sibi
1619 356 1690 394 ad-

428 427 694 469 haerentium
720 429 953 479 rumpitur,
1003 427 1223 480 ovulisque
1264 432 1420 468 emissis
1447 430 1587 468 media
1616 429 1690 485 hp-

426 520 525 546 rum
551 496 827 544 articulorum
854 519 949 556 pars
980 503 1143 542 deletur
1173 512 1214 541 et
1244 508 1476 554 evanescit,
1526 517 1574 545 ut
1599 521 1690 547 non

424 585 508 623 nisi
533 583 743 634 margines
772 583 1007 631 supersint,
1052 578 1119 618 vel
1149 579 1312 618 articuli
1347 581 1551 632 perforati
1590 598 1691 622 con-

403 660 680 712 ¹spiciantum
736 655 817 695 huc
847 656 1068 694 Gallorum
1097 658 1286 695 Taeniae
1314 656 1552 708 perforatae
1582 657 1690 710 (Te-

424 729 712 787 ffias.1perces
765 728 801 771 ἐι>
825 735 946 785 jour)
982 735 1218 784 pertinent,
1275 747 1400 785 saepe
1438 734 1688 785 admiratae,

423 825 536 866 quae
581 811 794 849 rarissime
840 818 979 847 autem
1016 810 1152 848 'modo
1207 824 1341 863 aeque
1388 811 1596 850 conformi
1627 824 1689 852 *et

424 886 625 942 elegante
657 887 913 927 fenestratae
953 884 1239 936 apparebunt,
1295 899 1343 925 ac
1378 887 1588 928 Masars
1625 890 1688 929 de

423 964 656 1004 Cazeles
685 963 851 1015 (Journ.
883 961 937 1000 de
964 962 1078 1000 Med.
1108 963 1159 1000 T.
1189 976 1249 1015 29.
1278 977 1319 1015 p.
1350 964 1438 1016 26.)
1467 968 1591 1004 icone
1621 945 1693 1005 eit-i

427 1043 592 1094 pressit.
671 1041 794 1093 Quae
824 1038 908 1077 dixi
937 1040 1166 1077 certissima
1193 1049 1312 1087 sunt,
1357 1035 1438 1079 nee
1465 1034 1687 1096 hypothesi

419 1119 669 1157 innituntur.

500 1194 704 1232 Diversus
732 1206 835 1232 vero
867 1205 890 1230 a
916 1192 1180 1230 Wernero
1211 1192 1384 1246 aliisque
1422 1206 1565 1247 partus
1594 1210 1687 1235 mo-

418 1269 500 1309 'dus
528 1270 745 1316 statuitur,
776 1269 888 1317 cnjus
916 1269 1113 1305 nimirum
1144 1282 1225 1319 ope
1256 1270 1380 1307 ovula
1407 1285 1487 1322 per
1513 1272 1687 1310 forami·

418 1357 478 1386 na
506 1344 783 1384 effundantur
818 1342 1088 1395 marginalia,
1136 1345 1264 1396 quid?
1309 1347 1429 1398 quod
1463 1351 1527 1385 vir
1554 1350 1684 1387 modo

421 1420 619 1461 laudatus
659 1434 704 1459 se
741 1421 787 1457 in
828 1419 958 1459 ductu
993 1418 1182 1458 flexuoso
1235 1421 1288 1459 ad
1335 1421 1530 1461 foramen
1573 1425 1687 1463 istud

419 1507 627 1552 vergente
656 1495 782 1535 ovula
811 1499 1076 1547 conspexisse
1106 1506 1148 1535 et
1173 1510 1253 1548 per
1280 1498 1392 1536 idem
1424 1503 1686 1552 expressisse,

422 1583 466 1612 et
511 1574 750 1613 Goezius
805 1588 850 1613 se
897 1573 1022 1612 ovula
1071 1586 1150 1624 per
1191 1575 1377 1612 Taeniae
1421 1574 1684 1616 lanceolatae

419 1649 646 1689 lemniscos
675 1649 927 1703 marginales
958 1651 1105 1687 emissa
1148 1647 1414 1697 observasse,
1460 1642 1681 1700 referunt,

418 1737 468 1766 ut
493 1739 562 1765 res
589 1727 668 1764 ista
697 1736 810 1764 extra
840 1725 1111 1764 dubitationis
1152 1723 1285 1762 aleam
1312 1729 1451 1777 posita
1479 1728 1687 1768 videatur»

416 1802 488 1842 'Ad
516 1801 641 1842 ovula
668 1815 772 1840 vero
804 1802 922 1854 quod
951 1803 1099 1839 attinet
1135 1803 1180 1838 in
1220 1801 1349 1840 ductu
1381 1801 1456 1840 isso
1487 1802 1681 1843 observa-

418 1888 488 1929 ta,
516 1876 857 1916 observationem
887 1877 1059 1930 quidem
1090 1890 1178 1915 non
1208 1879 1382 1915 omnino
1411 1882 1679 1932 negaverim,

418 1954 496 1994 sed
521 1952 738 2001 mihimet,
766 1953 863 1992 licet
890 1953 1358 2005 canaliculumvsaepius
1384 1946 1693 2006 praeparanti,

417 2028 648 2082 repetendi
674 2036 827 2083 negata
856 2040 918 2068 est
945 2032 1132 2074 occasi0;
1164 2029 1289 2069 ovula
1317 2030 1490 2082 quidem
1523 2033 1679 2070 circum

419 2107 559 2154 circa,
605 2119 823 2158 nunquam
853 2116 992 2145 autem
1019 2109 1064 2145 in
1090 2109 1183 2158 ipso
1211 2106 1297 2144 vidi
1306 2129 1320 2154 ,-
1360 2116 1402 2143 et
1430 2109 1678 2147 crassiuscu-

417 2181 483 2221 lus
513 2192 556 2221 et
580 2180 791 2220 flexuosus
819 2195 913 2220 cum
940 2184 1015 2231 sit,
1054 2196 1163 2235 quae
1191 2183 1430 2231 contineat,
1468 2181 1676 2223 difficilius

418 2272 587 2311 semper
613 2260 718 2297 visui
747 2256 1015 2306 exhibentur,
1068 2260 1131 2297 uti
1167 2270 1249 2295 nec
1287 2255 1412 2295 ovula
1442 2259 1677 2309 exprimere

418 2336 627 2374 successit.
707 2333 803 2372 Huc
829 2334 1016 2382 accedit,
1070 2335 1259 2373 ovarium
1289 2335 1472 2384 primum
1500 2327 1674 2373 minoris

415 2410 545 2449 fuisse
572 2409 721 2460 molis,
751 2411 941 2461 *demum
969 2422 1115 2447 omnes
1145 2411 1230 2461 ejus
1259 2408 1443 2447 ramulos
1473 2413 1560 2448 ovis
1587 2400 1675 2448 nra-

414 2488 518 2526 turis
545 2485 686 2526 foetos
713 2488 934 2534 intumere,
967 2494 1010 2524 et
1037 2483 1254 2523 articulum
1282 2486 1442 2536 pariter
1469 2482 1673 2523 tumidum
