1801 3066
469 153 550 206 405
591 194 595 199 ,

470 261 561 299 fieri
590 271 748 314 queant
760 258 787 310 ,'
829 255 947 315 quod
984 262 1029 299 in
1067 261 1323 300 animalculis
1363 262 1576 302 infusoriis
1615 276 1657 304 et
1693 268 1738 305 in

470 337 611 391 fungis
640 337 782 377 locum
806 336 962 376 habere
992 338 1171 378 videtur.
1236 339 1303 377 Ad
1343 349 1624 378 entozoorum
1659 340 1737 380 sal-

465 423 554 451 tem
583 414 910 465 productionem
937 411 1122 465 putredo
1152 428 1243 453 non
1269 418 1525 468 requiritur„
1564 415 1640 453 sed
1669 429 1737 454 ea-

469 489 568 528 dem
595 489 669 528 ubi
695 490 882 542 partibus
915 490 1101 537 accedit,
1150 504 1314 530 vermes
1345 495 1379 530 si
1410 492 1646 540 adfuerint,
1686 493 1738 530 si-

467 565 556 605 mul
583 578 788 617 pereunt,
830 577 871 604 et
899 567 1116 605 infusoriis
1148 568 1358 619 originem
1386 566 1604 618 praebent.
1670 566 1738 606 Ad

469 653 748 681 entozoorum
780 653 919 681 ortum
949 645 1110 691 minor,
1157 653 1203 681 ut
1230 645 1287 681 ita
1318 643 1478 691 dicam,
1519 642 1736 682 dissimile·
1764 655 1768 659 ’
1796 648 1801 675 i

465 719 590 756 tionis
626 719 782 772 gradus
822 722 1021 773 exigitur,
1081 719 1214 773 qualis
1255 721 1495 771 saepissime
1533 717 1735 765 habetur:

463 805 554 833 :non
582 798 825 847 promiscue
857 810 960 850 ergo
993 799 1210 845 oriuntur,
1259 810 1340 834 nec
1367 796 1560 835 Entozoa
1590 809 1639 834 ex
1666 782 1735 834 In·
1791 804 1793 807 '

464 871 636 909 fusoriis
664 884 917 922 nascuntur,
974 874 1048 912 secl
1083 863 1261 925 utraque
1305 887 1472 924 semper
1509 873 1659 911 eadem
1689 882 1731 909 et

465 948 754 988 diversissima.
808 951 898 988 Jam
927 950 1090 1003 singula
1118 949 1450 1002 perpendamus,
1481 962 1590 1001 quae
1619 946 1732 986 hunc

463 1034 742 1064 entozoorum
782 1029 1067 1079 generationis
1108 1028 1283 1066 modum
1311 1025 1496 1080 probare
1531 1014 1731 1071 videntur

461 1113 717 1154 argumenta.
1783 1087 1785 1089 Ι

538 1178 570 1217 Ι.
635 1179 934 1217 Dissimilacio
993 1181 1146 1232 quovis
1201 1180 1406 1232 corporis
1459 1178 1559 1216 loco
1619 1175 1730 1230 fieri

613 1263 772 1304 pocesc‘.

540 1329 696 1381 Quavis
738 1344 840 1383 ergo
870 1333 914 1368 in
944 1333 1133 1382 corporis
1172 1339 1293 1382 parte
1322 1332 1458 1368 minus
1492 1328 1601 1367 bene
1632 1329 1727 1366 assi-

458 1402 633 1443 milante
672 1420 836 1444 vermes
877 1410 979 1446 oriri
1016 1417 1214 1459 possunt,
1269 1407 1454 1459 indeque
1494 1406 1728 1444 vermesin

458 1480 636 1520 cerebro
670 1482 737 1521 vel
766 1483 845 1521 alia
873 1495 995 1536 parte
1026 1483 1167 1521 abdita
1198 1483 1311 1521 obvii
1341 1496 1476 1536 aeque
1505 1480 1628 1520 facile
1658 1495 1725 1519 ex-

453 1557 687 1608 plicantur,
718 1573 765 1598 ac
794 1562 867 1612 qui
893 1562 937 1597 in
966 1569 1100 1598 tractu
1128 1560 1357 1598 intestinali
1390 1561 1473 1597 orti
1501 1561 1597 1599 sint.

532 1633 582 1671 Π.
612 1635 816 1672 Diversis
843 1649 949 1673 vero
979 1636 1092 1674 locis
1120 1635 1409 1673 dz‘ssz'nzilacio
1440 1634 1632 1676 dizersa.

533 1709 679 1748 Partes
710 1713 899 1761 corporis
931 1725 1024 1749 cum
1055 1711 1245 1750 diversae
1275 1713 1381 1759 sint,
1436 1721 1477 1749 et
1503 1709 1721 1762 particulis

455 1786 628 1824 diversis
657 1790 919 1836 nutriantur,
979 1787 1240 1826 dissimilatio
1283 1790 1415 1825 eliam'
1445 1789 1489 1824 in
1527 1786 1720 1826 omnibus

455 1862 607 1900 eadem
645 1861 787 1900 locum
817 1862 974 1903 habere
1002 1866 1162 1916 nequit.
1227 1863 1341 1919 Inde·
1373 1865 1497 1901 etiam
1530 1865 1720 1917 germina

453 1949 731 1978 entozoorum
761 1938 874 1978 hisce
902 1940 1004 1980 locis
1036 1942 1200 1979 diversa
1227 1944 1455 1992 parantur,
1486 1950 1528 1979 et
1554 1954 1718 1980 vermes

452 2015 639 2064 cerebri,
680 2017 960 2068 pulmonum,
1005 2017 1193 2069 hepatis,
1240 2029 1389 2054 renum
1420 2022 1496 2054 eric.
1540 2004 1717 2068 utpluri-

451 2107 568 2130 mum
597 2092 832 2144 peculiares
863 2104 967 2132 sunt.
1024 2094 1130 2131 Inde
1160 2095 1284 2131 etiam
1313 2094 1356 2128 in
1382 2103 1504 2142 parte
1533 2093 1714 2143 tantilla,

450 2182 498 2206 ac
537 2171 673 2207 avium
711 2169 837 2208 bursa
864 2170 1108 2208 Fabricii
1143 2170 1388 2208 Distomatis
1417 2171 1593 2219 propria
1620 2184 1715 2221 spe-

448 2247 531 2284 cies
562 2246 707 2285 sedem
735 2244 836 2300 figit.
907 2246 1010 2284 Inde
1054 2245 1292 2284 animalium
1334 2242 1521 2282 affinium
1549 2258 1712 2285 vermes

447 2324 573 2360 etiarn
600 2325 736 2361 minus
768 2317 920 2361 diversi
949 2333 989 2360 et
1017 2325 1074 2361 sic
1100 2335 1260 2374 porro,
1305 2334 1402 2358 nam
1433 2334 1482 2359 ex
1506 2320 1711 2360 similibus

448 2398 597 2437 similia
625 2399 742 2437 fiunt.
815 2398 1049 2438 particulae
1078 2385 1240 2435 facilius
1270 2397 1516 2435 secedentes
1545 2410 1710 2435 vermes

447 2476 593 2514 forsan
621 2475 811 2530 vulgares
844 2486 885 2514 et
913 2476 1139 2522 erraticos,
1191 2473 1294 2512 aliae
1326 2488 1347 2512 e
1389 2483 1535 2512 contra
1562 2475 1708 2524 privae
