1801 3066
444 179 523 220 258

443 279 599 320 auxilio
636 279 748 319 facta
777 277 984 331 explicare
1022 278 1236 327 valemus,
1279 292 1482 332 quorsum
1511 290 1597 319 tam
1622 295 1715 321 mo-
1771 269 1779 277 '¹

442 367 508 396 tus
540 358 778 397 eorundem
799 356 1056 395 musculares
1077 350 1335 394 voluntarios
1358 360 1716 410 maximequeva-

442 438 550 481 rios;
577 434 785 486 plurimos
813 435 857 471 in
877 432 1068 471 stimulos
1088 434 1347 471 reactionem
1373 435 1423 484 (v.
1448 447 1480 471 c.
1503 435 1548 471 in
1569 433 1716 487 frigus,

420 514 488 567 Vin
514 511 837 551 medicamenta*
853 523 1008 557 amara,
1036 512 1083 547 in
1106 511 1348 560 spirituosa,
1378 507 1475 549 olea
1494 523 1718 564 empyreu-

441 590 633 639 mafica),
662 587 729 627 vel
758 598 974 640 gratorum
1002 588 1357 639 ingratorumque
1377 589 1714 638 perceptionem,

442 677 486 707 et
513 680 624 720 quae
651 664 754 703 inde
783 661 1014 716 'sequantur
1041 662 1282 701 animalculi
1311 662 1511 714 simplicis
1533 663 1716 701 functio-

433 758 515 784 nes
555 743 785 785 sensorias;
835 752 963 792 quam
1003 739 1277 792 digestionis,
1323 725 1716 778 assimilationis-et

441 821 706 866 nutritionis,
758 830 839 855 nec
877 829 967 854 non
1014 815 1064 854 ab
1103 816 1236 855 altera
1268 827 1390 868 parte
1428 817 1715 870 generationis

441 898 668 951 negotium
695 893 905 932 trahenda
945 907 1036 931 esse
1074 896 1348 947 omnicuique
1379 892 1554 945 patebit.
1613 893 1716 931 Ani-

440 973 569 1013 maIIa
608 972 758 1011 saltem
795 972 927 1024 magis
958 972 1218 1021 composita,
1258 985 1358 1018 seu,
1403 969 1556 1023 qualia
1571 971 1716 1008 vocari

440 1061 604 1098 amant,
633 1048 893 1101 perfectiora
920 1045 1034 1085 hisce
1061 1049 1231 1085 nonnisi
1250 1061 1481 1086 nervorum
1505 1046 1713 1086 beneficio

438 1128 690 1181 funguntur.

521 1206 564 1242 Si
601 1216 835 1242 nervorum
871 1215 975 1240 vero
1018 1202 1063 1238 in
1101 1198 1373 1248 animalibus,
1423 1201 1574 1253 quibus
1617 1212 1715 1240 sunt

438 1284 619 1322 maxime
659 1279 888 1326 elaborati,
928 1279 1054 1315 etiam
1090 1278 1304 1324 maximis,
1341 1276 1511 1316 ultimos
1541 1280 1714 1329 respici-

439 1372 532 1399 mus
561 1357 681 1404 fines,
710 1353 787 1393 hos
814 1367 983 1404 semper
1002 1352 1267 1400 delitescere,
1296 1365 1378 1389 nec
1400 1352 1487 1391 ulla
1508 1355 1553 1391 in
1576 1365 1713 1405 parte,

440 1435 510 1475 vel
556 1432 729 1472 cultello
765 1430 836 1470 vel
882 1431 1170 1480 microscopio
1210 1431 1255 1465 in
1305 1427 1503 1467 auxilium
1546 1440 1713 1480 vocato,

441 1511 575 1552 oculis
605 1512 692 1549 sisti
711 1522 840 1561 posse
863 1515 1039 1545 constat.
1080 1505 1177 1556 Ipse
1196 1507 1468 1557 microscopii
1489 1509 1583 1544 usui
1609 1520 1714 1559 quo—

403 1590 603 1641 t-tidiano
649 1586 783 1639 longo
828 1598 877 1622 ex
918 1593 1113 1634 tempore
1158 1580 1438 1629 assuefactus,
1481 1595 1714 1622 nervorum

439 1665 538 1705 illos
566 1663 672 1701 fines
711 1664 756 1698 in
784 1658 974 1712 partibus
1012 1659 1262 1696 tenuissimis
1301 1671 1463 1696 summa
1493 1661 1589 1696 cum'
1618 1663 1713 1699 assi-

441 1743 604 1783 duitate
653 1740 818 1790 saepius
858 1737 1125 1788 investigavi,
1173 1747 1267 1772 rem
1312 1727 1455 1772 autem
1495 1748 1714 1788 nunquam

440 1829 544 1858 voto
574 1818 746 1856 cessisse
774 1816 961 1867 ingenue
986 1811 1139 1849 fateor.
1184 1811 1338 1848 Sensus
1361 1823 1495 1861 porro
1524 1813 1569 1850 in
1598 1816 1714 1851 omni

440 1897 532 1936 fere
575 1894 769 1945 corporis
808 1900 929 1943 parte
972 1890 1207 1940 reperitur,
1261 1872 1402 1925 nervis
1440 1900 1714 1941 nequaquam

441 1972 601 2024 ubique
631 1970 820 2009 admissis
848 1966 917 2006 vel
948 1964 1235 2003 admittendis.
1280 1964 1382 2002 'Non
1408 1974 1550 2015 potest
1569 1966 1712 2018 itaque

441 2049 536 2090 fieri
572 2051 674 2101 quin
700 2046 821 2084 nervi
849 2043 1024 2082 tandem
1061 2040 1353 2093 deliquescant
1379 2039 1447 2079 vel
1475 2041 1712 2080 eorundem

443 2124 675 2165 substantia
697 2120 889 2172 reliquae
913 2120 1084 2158 tandem
1104 2119 1389 2156 immisceatur
1413 2118 1603 2167 corporis
1625 2131 1712 2155 ma-

442 2204 600 2250 teriae,
627 2200 728 2237 inde
756 2211 859 2236 vero
890 2195 1037 2235 oculos
1066 2205 1233 2234 nostros
1261 2194 1407 2247 fugiat.
1453 2193 1549 2231 Hoc
1570 2203 1711 2232 autem

441 2281 486 2316 in
517 2275 765 2316 animalibus
793 2277 926 2329 magis
958 2274 1224 2325 compositis,
1267 2269 1519 2323 quibusdam
1547 2279 1710 2309 tantum

440 2355 562 2402 locis,
590 2352 659 2392 vel
686 2356 730 2390 in
759 2366 992 2391 nervorum
1020 2349 1170 2401 finibus
1197 2346 1475 2400 periphericis
1501 2349 1562 2399 (ut
1587 2347 1709 2386 Rei—

441 2431 529 2480 lii,
563 2433 643 2468 viri
673 2431 847 2477 summi,
886 2429 1155 2480 expressione
1182 2428 1301 2477 utar)
1336 2424 1449 2473 fieri,
1493 2424 1612 2476 quod
1642 2438 1709 2462 ex-

441 2511 649 2560 perimur,
688 2507 958 2545 invEntozois
996 2515 1037 2544 et
1064 2501 1291 2558 Phytozois
1332 2501 1433 2541 dum
1461 2501 1618 2554 ubique
1643 2499 1708 2539 lo-
