1801 3066
1255 161 1331 199 505

67 255 301 295 secundum
357 266 630 309 aegrotorum
690 251 879 292 indolem
932 259 1085 295 variari
1130 270 1333 310 possunt:

68 332 177 371 conf.
206 333 373 371 Brera
400 330 426 368 l.
458 344 489 368 c.
517 345 558 387 p.
593 334 676 381 12:²14.

144 406 354 447 Methodo
391 409 470 444 ista
511 405 711 454 adhibita,
740 406 919 444 Taenias
949 419 1074 458 saepe
1104 410 1331 450 eliminatas

66 497 182 531 esse,
235 482 373 521 nullus
416 482 590 530 dubito,
638 496 805 534 semper
833 492 974 520 tamen
1016 482 1213 524 effectum
1240 502 1330 527 non

67 559 181 607 edit,
239 570 279 596 et
325 560 634 599 medicamenta
682 557 921 610 periculosa
969 559 1177 599 cumulata
1223 574 1330 602 sunt.

64 635 306 673 Limaturae
352 637 487 674 stanni
530 635 629 673 loco
676 633 757 673 hoc
795 634 1061 690 granulatum
1101 639 1329 689 praescribi

67 710 247 750 debuisz:
266 694 301 756 t*;
331 711 438 749 cons.
469 714 500 761 ᾗ.
532 711 568 752 3,
597 725 641 752 n.
677 724 709 750 1.²

144 786 323 840 ,Reliqua
349 800 440 828 non
467 800 627 826 moron

643 896 678 944 ς.
708 894 742 933 6.

381 986 745 1027 Medicamenta
792 996 1010 1027 externa.

142 1088 303 1129 Medici
348 1090 544 1129 nonnulli
585 1090 895 1129 medicamenta
942 1090 1160 1130 abdomini
1206 1093 1327 1136 infri-

67 1166 200 1203 canda
258 1175 406 1203 contra
464 1168 759 1204 intestinorum
818 1180 983 1206 vermes
1039 1171 1328 1220 maximopere

66 1241 392 1289 commendant,
448 1251 490 1280 et
515 1241 781 1293 petroleum,
836 1241 904 1281 vel
941 1241 1084 1281 oleum
1120 1246 1326 1295 cajeputi,

64 1316 131 1356 vel
161 1319 405 1368 spirituosa,
448 1316 515 1356 vel
542 1320 657 1357 varia
687 1321 945 1370 composita,
992 1317 1102 1357 hunc
1130 1322 1172 1357 in
1200 1319 1327 1359 finem

61 1393 320 1444 praeferunt.

141 1469 344 1508 Indicatio
381 1473 428 1509 iis
468 1469 646 1508 habetur
676 1473 720 1508 in
758 1471 911 1510 dolore
949 1471 1184 1511 abdominis
1214 1473 1327 1511 subi-
1380 1491 1382 1495 ·

64 1555 136 1594 t0,
183 1561 308 1599 quem
349 1561 372 1585 a
399 1546 608 1585 vermibus
639 1546 944 1586 terebrantibus
973 1547 1041 1586 vel
1072 1548 1326 1599 peisoranti-

62 1620 139 1660 bus
170 1622 386 1670 derivant,
423 1631 470 1659 ut
497 1636 660 1661 vermes
689 1626 775 1661 istis
803 1624 1119 1662 medicamentis
1149 1640 1172 1663 a
1199 1625 1324 1676 loco,

63 1700 130 1739 cui
156 1697 270 1736 infixi
296 1701 399 1747 sint,
429 1703 618 1740 amoveri
645 1702 1008 1751 persuasissimum
1037 1698 1228 1738 habeant.

143 1774 257 1818 Tota
284 1787 387 1813 vero
417 1788 484 1812 res
514 1775 567 1812 ad
595 1773 886 1826 phantasmata
926 1778 1140 1827 pertinet,
1186 1776 1327 1829 qualia

65 1863 153 1889 non
189 1863 325 1901 pauca
362 1848 458 1887 hinc
494 1850 594 1889 inde
638 1854 919 1903 recipiantur,
974 1852 1144 1890 tandem
1183 1864 1325 1891 autem

66 1924 257 1965 theoriae
286 1925 476 1967 solidiori
514 1927 676 1966 cedant.
741 1929 1077 1970 Perforationem
1104 1930 1324 1968 intestino-

64 2017 158 2040 rum
195 2000 475 2041 humanorum
512 2006 795 2042 verminosam
830 2003 975 2043 locum
1014 2018 1105 2043 non
1142 2003 1322 2058 habere,

67 2089 110 2118 et
136 2081 181 2117 in
210 2078 452 2117 animalibus
496 2078 748 2132 quibusdam
786 2094 810 2119 a
846 2083 1052 2121 vermium
1080 2082 1321 2133 speciebus,

64 2154 283 2196 hominem
319 2168 407 2194 :non
440 2155 758 2203 infestantibus,
811 2156 1042 2195 lentissime
1082 2168 1123 2195 et
1165 2158 1322 2210 absque

68 2231 153 2270 ulla
178 2231 515 2271 inflammationis
545 2232 614 2271 vel
652 2231 754 2271 alius
782 2231 981 2272 laesionis
1015 2235 1154 2285 specie
1183 2233 1321 2273 absol-

64 2311 132 2358 vi,
172 2311 218 2348 in
251 2310 352 2360 Cap.
379 2309 575 2361 praeced.
604 2312 637 2359 §.
667 2322 702 2346 2.
735 2308 1043 2358 demonstravi,
1080 2309 1152 2347 illa
1178 2312 1322 2362 itaque

66 2385 298 2426 terebratio
339 2384 556 2424 dolorifica
582 2384 700 2424 nulla
729 2396 811 2432 θεῖς
854 2388 887 2424 si
917 2395 1054 2425 autem
1081 2385 1222 2424 locum
1249 2385 1320 2425 ha·

65 2463 209 2511 beret,
263 2462 568 2504 medicamenta
608 2473 777 2505 externe
817 2463 1044 2516 applicata,
1098 2476 1260 2502 vermes
1297 2476 1321 2500 a
