1801 3066
461 146 541 198 434

464 253 717 299 testinorum
750 257 891 287 autem
921 246 1300 287 inflammationem
1327 248 1396 288 vel
1424 249 1632 291 foramina
1661 248 1726 291 di}-

466 339 531 368 cta.
559 323 808 378 sphacelosa
844 322 968 363 simul
994 322 1138 361 locum
1175 320 1384 374 habuisse,
1420 338 1502 364 nec
1528 327 1616 365 vidi
1642 341 1725 368 nec

463 403 615 443 audivi.
685 401 821 452 Saepe
864 413 888 438 e
931 409 1092 448 eontra,
1136 400 1309 451 quando
1351 401 1548 440 foramen
1590 402 1748 452 adest,†

462 493 542 520 nec
570 490 733 517 vermes
764 464 942 514 omnino
972 473 1284 524 desiderantur,
1311 489 1419 515 unus
1450 476 1606 516 alterve
1635 488 1725 517 tan-

463 568 550 596 tum
578 554 807 606 reperitur:
838 550 1059 604 quomodo
1090 562 1250 604 quaeso
1289 548 1332 588 hi
1368 561 1526 592 tantam
1560 563 1746 593 strueret

459 635 622 687 possint
662 629 817 676 labem,
858 626 1048 677 plurimis
1091 627 1302 665 innocuis.
1369 628 1724 682 Frequentissime

462 711 589 756 enim,
617 715 664 743 ut
692 716 818 754 supra
845 704 1008 750 monui,
1037 700 1144 740 nulli
1172 698 1394 753 habentur,
1431 714 1473 742 et
1499 703 1575 742 sub
1606 715 1724 744 ente-
1771 706 1774 711 ’

460 783 601 829 ritide,
630 790 677 817 ut
704 779 940 832 generatim
974 775 1224 814 fortioribus
1261 777 1338 817 sub
1375 778 1719 825 inflammationi·

456 859 534 899 bus
563 868 726 896 vermes
755 853 823 891 vel
849 851 990 891 nullos
1017 850 1086 890 vel
1112 863 1305 894 mortuos
1333 858 1490 907 reperi.

562 933 616 971 D.
645 931 870 969 Foramina
889 926 989 966 talia
1015 926 1122 966 locis
1150 932 1328 968 maxime
1356 932 1481 970 variis
1512 933 1718 971 oriuntur.

456 1009 678 1051 Ascarides
707 1003 1013 1044 lumbricoides
1032 1005 1078 1041 in
1107 1004 1302 1043 tenuibus
1321 1003 1524 1059 habitant,
1552 1007 1621 1046 fac
1649 1021 1722 1046 au-

456 1097 543 1125 tem
581 1083 704 1122 aliam
744 1090 911 1132 partem
948 1075 1148 1129 sphacelo
1185 1079 1446 1130 perforatam
1485 1080 1590 1132 esse,
1631 1093 1720 1122 tum

455 1161 557 1199 inde
588 1158 735 1212 egredi
763 1152 1010 1201 tentabunt,
1045 1154 1114 1193 vel
1153 1157 1386 1206 ejicientur.
1433 1156 1501 1194 Sic
1531 1157 1607 1196 cel.
1637 1158 1720 1196 Fi-

455 1233 611 1274 scher
640 1231 845 1281 (Taeniae
875 1226 1160 1280 hydatigenae
1190 1226 1281 1266 hist.
1309 1243 1352 1280 p.
1381 1234 1444 1279 4ο.
1472 1233 1561 1284 Fig.
1590 1232 1645 1281 6.)
1673 1236 1720 1274 in

453 1308 608 1357 vetula,
638 1318 746 1359 quae
784 1316 834 1341 ex
869 1304 1173 1354 superstitione
1207 1303 1409 1357 religiosa
1445 1318 1526 1356 per
1562 1318 1721 1345 novem

455 1385 545 1423 dies
577 1382 630 1421 ab
658 1382 775 1419 omni
797 1379 893 1418 cibo
915 1391 963 1417 ac
981 1388 1088 1430 potu
1104 1363 1366 1417 abstinuerat
1387 1390 1427 1417 et
1442 1379 1584 1420 lentae
1602 1396 1722 1426 mor-

455 1464 486 1499 ti
527 1461 696 1499 decimo
735 1455 978 1503 occuberat,
1018 1467 1195 1493 coecum
1233 1453 1398 1493 duobus
1437 1455 1718 1499 foraminibus

454 1540 550 1576 satis
581 1533 729 1586 amplis
761 1543 803 1571 et
841 1533 955 1584 juxta
983 1543 1028 1568 se
1066 1531 1247 1568 invicem
1276 1533 1421 1581 positis
1449 1530 1631 1583 laesum,
1676 1545 1718 1575 et

454 1615 614 1652 circum
653 1615 767 1648 circa
811 1606 1114 1645 inflammatum
1163 1603 1414 1644 observavit.
1484 1607 1533 1645 In
1581 1621 1716 1648 coeco

456 1699 597 1726 autem
625 1686 788 1723 Ascaris
817 1680 1122 1720 lumbricoides
1151 1693 1241 1718 non
1269 1678 1442 1731 habitat,
1483 1692 1525 1721 et
1552 1663 1592 1722 si⁹
1612 1684 1716 1724 illuc

454 1762 627 1814 delapsa
657 1769 732 1808 est,
760 1771 929 1809 semper
959 1759 1140 1808 ejicitur-3
1170 1769 1240 1794 sex
1268 1769 1441 1809 quoque
1462 1767 1716 1798 tantummo-

455 1839 512 1878 do
543 1835 753 1888 ejusmodi
780 1832 993 1872 vermibus
1022 1833 1203 1884 repertis
1233 1835 1434 1883 (quorum
1464 1815 1646 1885 quatuor
1667 1838 1714 1878 in

452 1915 675 1962 intestinis,
723 1914 892 1964 quintus
935 1921 984 1947 ex
1027 1907 1201 1946 vulnere
1245 1919 1451 1960 egressus,
1494 1920 1630 1950 sextus
1667 1914 1714 1953 in

455 1990 610 2029 eodem
629 1987 807 2025 haerens
828 1973 1193 2032 observabantur),
1223 1981 1330 2021 duos
1347 1984 1546 2024 intestina
1563 1988 1712 2038 perfo-

453 2078 581 2114 rasse,
620 2064 831 2102 foramina
866 2059 1005 2110 ampla
1042 2067 1083 2097 et
1111 2064 1270 2099 tantam
1299 2059 1447 2099 civisse
1480 2060 1712 2103 inflamma-

451 2143 628 2188 tionem,
656 2151 744 2176 non
773 2136 1001 2177 admiseris.

556 2216 603 2266 E.
632 2213 716 2254 Ubi
735 2224 835 2251 vera
849 2209 1087 2262 perforatio
1105 2209 1247 2248 locum
1263 2208 1404 2260 habet,
1423 2216 1576 2253 vermis
1596 2217 1709 2268 quis-

452 2279 672 2351 que“>{’iam
701 2287 780 2327 sibi
805 2294 939 2345 parat,
969 2282 1053 2322 hoc
1091 2294 1230 2323 autem
1268 2287 1476 2336 ejusmodi
1505 2271 1556 2327 in
1593 2289 1708 2330 fora-

449 2367 631 2406 minibus
660 2361 916 2417 sphacelosis
942 2360 1085 2408 iocum
1112 2373 1203 2399 non
1224 2360 1401 2410 obtinet,
1430 2362 1508 2401 sed
1533 2367 1724 2404 unicumx

408 2433 416 2437 ⁴
452 2445 486 2482 si
521 2442 653 2490 adest,
687 2439 891 2491 plurimos
929 2448 1055 2487 saepe
1093 2448 1257 2474 vermes
1300 2444 1386 2474 tam
1424 2439 1539 2480 vivos
1578 2452 1705 2491 quam
