1801 3066
1293 178 1372 222 453
1428 174 1429 180 ’

109 282 309 322 quarum,
348 270 511 309 vermes
541 269 653 308 enim
689 269 843 309 inclusi
870 272 1024 310 maium
1055 275 1268 331 adaugere
1295 291 1369 318 ne-

60 345 62 351 '
108 355 282 397 queunt,
311 345 387 384 sed
414 347 458 382 in
486 343 686 398 hydatide
705 346 887 385 formata
909 361 1179 401 generantur,
1210 363 1251 391 et
1269 353 1368 391 sub-

107 423 255 459 stantia
282 424 488 459 viscerum
519 423 677 459 circum
707 423 814 461 circa
853 424 1067 461 sanissima
1096 428 1366 477 conspicitur,

105 497 225 548 quod
251 499 500 548 praesertim
529 498 573 533 in
600 494 754 548 hepate
786 507 870 535 tam
896 497 1202 547 mammalium,
1240 514 1366 552 quam

99 573 297 623 piscium,
335 570 555 626 hydatides
582 586 761 624 paucas,
797 571 864 610 vel
889 574 1083 621 unicam,
1122 577 1366 613 continente

99 646 246 686 videre
278 657 350 686 est.
406 647 809 702 Leucophlegmatia
845 647 914 688 vel
953 647 1033 686 alia
1071 648 1362 701 degeneratio,

100 722 167 761 vel
202 723 471 772 universalis,
518 722 586 761 vel
623 726 793 762 visceris
832 724 1046 775 cujusdam
1081 722 1363 776 particularis,

101 799 212 837 malo
243 802 451 853 originem
478 797 682 852 praebet,
727 799 914 852 indeque
952 802 1076 838 etiam
1113 798 1364 853 hydatidum

99 875 339 928 frequentia
356 875 529 928 pendet.
585 873 763 914 Morbus
783 889 953 926 semper
975 877 1052 914 erit
1070 876 1361 924 secundarius,

97 953 170 1004 qui
196 948 621 998 latissime-diffusus,
662 961 704 989 et
732 964 867 1003 aquae
896 964 1063 1002 semper
1099 964 1212 989 nova
1237 953 1278 988 vi
1305 953 1360 987 ir·

95 1038 268 1074 ruente,
304 1028 435 1064 rarius
464 1039 626 1065 vermes
655 1028 816 1079 gignit,
852 1026 1117 1077 particularis
1148 1035 1287 1063 autem
1317 1035 1360 1063 et

93 1102 304 1150 limitatus,
335 1114 469 1154 aquae
498 1114 633 1149 mora,
663 1100 793 1140 aliave
817 1104 1080 1151 mutatione,
1111 1101 1358 1149 accedente,

89 1177 357 1230 vasculisque
392 1175 586 1231 hydatidi
623 1179 843 1215 materiam
888 1179 1213 1215 convenientem
1252 1175 1355 1215 affe-

88 1248 292 1295 rentibus,
323 1251 565 1290 animalium
595 1253 861 1303 generationi
887 1251 1019 1299 favet,
1050 1251 1203 1304 quibus
1234 1253 1352 1300 ortis,

91 1342 197 1382 aqua
227 1337 390 1366 tamum
418 1326 711 1378 limpidissima
737 1329 783 1366 in
809 1326 1078 1382 hydatidibus
1106 1336 1310 1379 superest.

649 1431 683 1478 §-
741 1427 776 1464 6.

199 1528 441 1569 Vermium
478 1528 526 1567 in
560 1528 866 1585 pulmonibus
899 1529 1241 1570 accumulatio.

183 1622 443 1672 ‘Animalium
461 1632 759 1684 plurimorum,
789 1645 871 1672 tam
892 1635 1189 1683 mammalium,
1219 1645 1348 1686 quam

82 1708 410 1761 amphibiorum,
452 1706 729 1760 pulmonibus
770 1723 934 1749 vermes
979 1719 1134 1748 teretes
1177 1711 1346 1753 insunt;

79 1783 356 1837 utplurimum
384 1793 526 1821 tamen
552 1784 620 1822 vel
647 1786 692 1822 in
710 1785 884 1825 sacculis
905 1784 1223 1838 tuberculisque
1240 1795 1344 1835 pro-

77 1861 202 1912 priis,
249 1856 560 1897 bronchiorum
594 1859 963 1899 ramificationibus
1002 1861 1176 1899 adnexis*
1206 1860 1342 1911 quieti

76 1935 232 1983 latent,
277 1933 344 1972 vel
378 1921 621 1987 paucissimi
656 1938 701 1974 in
731 1934 944 1975 bronchiis
971 1935 1230 1984 minoribus,
1273 1933 1342 1973 vel

77 2013 202 2050 etiam
236 2012 281 2048 in
316 2009 568 2062 pulmonum
617 2010 978 2063 (amphibiorum)
1022 2011 1337 2050 sacciformium

75 2086 234 2125 cellulis
264 2086 462 2135 haerent,
491 2099 573 2125 nec
601 2096 691 2125 tum
721 2098 833 2127 certe
860 2088 1016 2126 malum
1046 2090 1178 2136 cient,
1205 2087 1336 2124 nimia

75 2172 215 2201 autem
245 2165 368 2215 copia
396 2161 586 2211 collecti,
622 2163 753 2202 iidem
781 2178 909 2217 saepe
937 2162 1165 2210 bronchia,
1203 2159 1335 2214 quid?

74 2237 195 2290 quod
241 2237 454 2277 tracheam
499 2239 669 2291 replent
718 2250 760 2279 et
806 2241 1068 2294 dyspnoeam
1113 2251 1330 2286 summam,
1357 2280 1363 2285 .

73 2322 343 2365 mortemque
371 2315 572 2354 inferunt.

180 2388 230 2426 In
265 2389 414 2426 viculis
458 2390 617 2430 malum
654 2390 787 2431 hocce
833 2393 957 2431 variis
993 2394 1039 2429 in
1071 2389 1330 2446 regionibus,

70 2465 317 2514 praesertim
348 2465 519 2516 quidem
547 2469 592 2505 in
618 2467 771 2521 Anglia
799 2466 923 2520 (Bibl.
950 2479 992 2507 n.
1022 2468 1127 2519 54),
1157 2476 1199 2506 et
1224 2464 1331 2505 Hol-
