<?xml version="1.0" encoding="UTF-8"?>
<!DOCTYPE html PUBLIC "-//W3C//DTD XHTML 1.0 Transitional//EN"
    "http://www.w3.org/TR/xhtml1/DTD/xhtml1-transitional.dtd">
<html xmlns="http://www.w3.org/1999/xhtml" xml:lang="en" lang="en">
 <head>
  <title>
</title>
<meta http-equiv="Content-Type" content="text/html;charset=utf-8" />
  <meta name='ocr-system' content='tesseract 3.04.00' />
  <meta name='ocr-capabilities' content='ocr_page ocr_carea ocr_par ocr_line ocrx_word'/>
</head>
<body>
  <div class='ocr_page' id='page_1' title='image "./entozoorumsiveve11808rudo_0317.png"; bbox 0 0 1801 3066; ppageno 0'>
   <div class='ocr_carea' id='block_1_1' title="bbox 1216 177 1293 221">
    <p class='ocr_par' dir='ltr' id='par_1_1' title="bbox 1216 177 1293 221">
     <span class='ocr_line' id='line_1_1' title="bbox 1216 177 1293 221; baseline 0.013 -6"><span class='ocrx_word' id='word_1_1' title='bbox 1216 177 1293 221; x_wconf 79' lang='lat'>285</span> 
     </span>
    </p>
   </div>
   <div class='ocr_carea' id='block_1_2' title="bbox 44 275 1345 2470">
    <p class='ocr_par' dir='ltr' id='par_1_2' title="bbox 44 275 1303 773">
     <span class='ocr_line' id='line_1_2' title="bbox 47 275 1302 330; baseline 0.004 -15"><span class='ocrx_word' id='word_1_2' title='bbox 47 290 155 330; x_wconf 84' lang='lat' dir='ltr'>quae</span> <span class='ocrx_word' id='word_1_3' title='bbox 185 276 288 316; x_wconf 86' lang='lat' dir='ltr'>aliae</span> <span class='ocrx_word' id='word_1_4' title='bbox 323 276 516 316; x_wconf 76' lang='lat' dir='ltr'><strong>facillime</strong></span> <span class='ocrx_word' id='word_1_5' title='bbox 545 275 881 326; x_wconf 80' lang='lat' dir='ltr'>conspiciuntur,</span> <span class='ocrx_word' id='word_1_6' title='bbox 919 284 959 312; x_wconf 87' lang='lat' dir='ltr'>et</span> <span class='ocrx_word' id='word_1_7' title='bbox 984 279 1145 318; x_wconf 74' lang='lat' dir='ltr'>interna</span> <span class='ocrx_word' id='word_1_8' title='bbox 1172 281 1302 321; x_wconf 64' lang='lat' dir='ltr'>facies</span> 
     </span>
     <span class='ocr_line' id='line_1_3' title="bbox 49 352 1298 411; baseline 0.003 -20"><span class='ocrx_word' id='word_1_9' title='bbox 49 354 173 392; x_wconf 83' lang='lat' dir='ltr'>ovula</span> <span class='ocrx_word' id='word_1_10' title='bbox 204 354 359 393; x_wconf 70' lang='lat' dir='ltr'>cellulis</span> <span class='ocrx_word' id='word_1_11' title='bbox 397 354 515 404; x_wconf 80' lang='lat' dir='ltr'>quasi</span> <span class='ocrx_word' id='word_1_12' title='bbox 545 353 750 396; x_wconf 60' lang='lat' dir='ltr'>confinem</span> <span class='ocrx_word' id='word_1_13' title='bbox 795 353 936 390; x_wconf 81' lang='lat' dir='ltr'>ovaria</span> <span class='ocrx_word' id='word_1_14' title='bbox 969 352 1091 392; x_wconf 77' lang='lat' dir='ltr'>fibras</span> <span class='ocrx_word' id='word_1_15' title='bbox 1120 356 1298 411; x_wconf 79' lang='lat' dir='ltr'>longitu-</span> 
     </span>
     <span class='ocr_line' id='line_1_4' title="bbox 48 423 1302 488; baseline 0.005 -22"><span class='ocrx_word' id='word_1_16' title='bbox 48 429 203 488; x_wconf 80' lang='lat' dir='ltr'>dinales</span> <span class='ocrx_word' id='word_1_17' title='bbox 219 423 479 481; x_wconf 74' lang='lat' dir='ltr'>potissimum</span> <span class='ocrx_word' id='word_1_18' title='bbox 502 428 715 476; x_wconf 68' lang='lat' dir='ltr'>exhibent,</span> <span class='ocrx_word' id='word_1_19' title='bbox 746 427 1063 481; x_wconf 84' lang='lat' dir='ltr'>eorundemque</span> <span class='ocrx_word' id='word_1_20' title='bbox 1089 442 1208 480; x_wconf 83' lang='lat' dir='ltr'>parte</span> <span class='ocrx_word' id='word_1_21' title='bbox 1222 434 1302 472; x_wconf 87' lang='lat' dir='ltr'>dis-</span> 
     </span>
     <span class='ocr_line' id='line_1_5' title="bbox 46 503 1301 556; baseline 0.002 -12"><span class='ocrx_word' id='word_1_22' title='bbox 46 509 147 544; x_wconf 78' lang='lat' dir='ltr'>cissa</span> <span class='ocrx_word' id='word_1_23' title='bbox 177 513 385 556; x_wconf 56' lang='lat' dir='ltr'>evaperta</span> <span class='ocrx_word' id='word_1_24' title='bbox 414 503 542 542; x_wconf 81' lang='lat' dir='ltr'>fibrae</span> <span class='ocrx_word' id='word_1_25' title='bbox 579 505 716 543; x_wconf 88' lang='lat' dir='ltr'>dictae</span> <span class='ocrx_word' id='word_1_26' title='bbox 744 503 982 555; x_wconf 85' lang='lat' dir='ltr'>plantarum</span> <span class='ocrx_word' id='word_1_27' title='bbox 1011 504 1120 543; x_wconf 84' lang='lat' dir='ltr'>libro</span> <span class='ocrx_word' id='word_1_28' title='bbox 1148 509 1301 546; x_wconf 86' lang='lat' dir='ltr'>similli-</span> 
     </span>
     <span class='ocr_line' id='line_1_6' title="bbox 45 579 1301 633; baseline 0.002 -14"><span class='ocrx_word' id='word_1_29' title='bbox 45 594 161 627; x_wconf 82' lang='lat' dir='ltr'>mae,</span> <span class='ocrx_word' id='word_1_30' title='bbox 193 590 301 619; x_wconf 81' lang='lat' dir='ltr'>arcte</span> <span class='ocrx_word' id='word_1_31' title='bbox 330 580 407 619; x_wconf 86' lang='lat' dir='ltr'>sibi</span> <span class='ocrx_word' id='word_1_32' title='bbox 438 584 649 632; x_wconf 77' lang='lat' dir='ltr'>appositae</span> <span class='ocrx_word' id='word_1_33' title='bbox 686 589 726 618; x_wconf 87' lang='lat' dir='ltr'>et</span> <span class='ocrx_word' id='word_1_34' title='bbox 754 579 929 626; x_wconf 80' lang='lat' dir='ltr'>elatere,</span> <span class='ocrx_word' id='word_1_35' title='bbox 969 594 1055 633; x_wconf 86' lang='lat' dir='ltr'>quo</span> <span class='ocrx_word' id='word_1_36' title='bbox 1082 583 1301 632; x_wconf 73' lang='lat' dir='ltr'>praeditae</span> 
     </span>
     <span class='ocr_line' id='line_1_7' title="bbox 44 656 1303 710; baseline 0.002 -17"><span class='ocrx_word' id='word_1_37' title='bbox 44 659 143 703; x_wconf 88' lang='lat' dir='ltr'>sint,</span> <span class='ocrx_word' id='word_1_38' title='bbox 188 656 800 710; x_wconf 79' lang='lat' dir='ltr'>celerrimecontorquendae;</span> <span class='ocrx_word' id='word_1_39' title='bbox 843 665 1163 695; x_wconf 83' lang='lat' dir='ltr'>transversarum</span> <span class='ocrx_word' id='word_1_40' title='bbox 1211 672 1303 710; x_wconf 79' lang='lat' dir='ltr'>spe·</span> 
     </span>
     <span class='ocr_line' id='line_1_8' title="bbox 45 733 893 773; baseline 0.001 -1"><span class='ocrx_word' id='word_1_41' title='bbox 45 736 150 772; x_wconf 89' lang='lat' dir='ltr'>ciem</span> <span class='ocrx_word' id='word_1_42' title='bbox 179 738 310 773; x_wconf 76' lang='lat' dir='ltr'>rarius</span> <span class='ocrx_word' id='word_1_43' title='bbox 337 733 485 772; x_wconf 85' lang='lat' dir='ltr'>vidisse</span> <span class='ocrx_word' id='word_1_44' title='bbox 513 733 613 770; x_wconf 81' lang='lat' dir='ltr'>mihi</span> <span class='ocrx_word' id='word_1_45' title='bbox 641 735 748 771; x_wconf 87' lang='lat' dir='ltr'>visus</span> <span class='ocrx_word' id='word_1_46' title='bbox 785 746 893 773; x_wconf 81' lang='lat' dir='ltr'>sum.</span> 
     </span>
    </p>

    <p class='ocr_par' dir='ltr' id='par_1_3' title="bbox 44 811 1345 2470">
     <span class='ocr_line' id='line_1_9' title="bbox 153 811 1303 863; baseline 0 -13"><span class='ocrx_word' id='word_1_47' title='bbox 153 813 308 856; x_wconf 68' lang='lat' dir='ltr'>Oxula,</span> <span class='ocrx_word' id='word_1_48' title='bbox 356 823 539 863; x_wconf 81' lang='lat' dir='ltr'>quorum</span> <span class='ocrx_word' id='word_1_49' title='bbox 569 811 692 861; x_wconf 79' lang='lat' dir='ltr'>copia</span> <span class='ocrx_word' id='word_1_50' title='bbox 719 823 890 860; x_wconf 81' lang='lat' dir='ltr'>prorsus</span> <span class='ocrx_word' id='word_1_51' title='bbox 920 813 1142 849; x_wconf 86' lang='lat' dir='ltr'>innumera</span> <span class='ocrx_word' id='word_1_52' title='bbox 1170 812 1303 851; x_wconf 83' lang='lat' dir='ltr'>multa</span> 
     </span>
     <span class='ocr_line' id='line_1_10' title="bbox 44 886 1303 939; baseline 0.001 -13"><span class='ocrx_word' id='word_1_53' title='bbox 44 888 174 927; x_wconf 84' lang='lat' dir='ltr'>millia</span> <span class='ocrx_word' id='word_1_54' title='bbox 203 896 393 939; x_wconf 83' lang='lat' dir='ltr'>superat,</span> <span class='ocrx_word' id='word_1_55' title='bbox 437 897 476 925; x_wconf 85' lang='lat' dir='ltr'>et</span> <span class='ocrx_word' id='word_1_56' title='bbox 512 897 679 925; x_wconf 71' lang='lat' dir='ltr'>uterum</span> <span class='ocrx_word' id='word_1_57' title='bbox 715 886 901 925; x_wconf 82' lang='lat' dir='ltr'>humoris</span> <span class='ocrx_word' id='word_1_58' title='bbox 929 887 1049 926; x_wconf 86' lang='lat' dir='ltr'>lactei</span> <span class='ocrx_word' id='word_1_59' title='bbox 1077 891 1214 939; x_wconf 85' lang='lat' dir='ltr'>specie</span> <span class='ocrx_word' id='word_1_60' title='bbox 1240 903 1303 928; x_wconf 86' lang='lat' dir='ltr'>re-</span> 
     </span>
     <span class='ocr_line' id='line_1_11' title="bbox 45 962 1305 1019; baseline 0.002 -17"><span class='ocrx_word' id='word_1_61' title='bbox 45 965 156 1019; x_wconf 44' lang='lat' dir='ltr'>plet)</span> <span class='ocrx_word' id='word_1_62' title='bbox 185 967 228 1002; x_wconf 87' lang='lat' dir='ltr'>in</span> <span class='ocrx_word' id='word_1_63' title='bbox 256 966 347 1005; x_wconf 81' lang='lat' dir='ltr'>Asc.</span> <span class='ocrx_word' id='word_1_64' title='bbox 379 963 660 1002; x_wconf 81' lang='lat' dir='ltr'>lumbricoide</span> <span class='ocrx_word' id='word_1_65' title='bbox 684 964 836 1016; x_wconf 81' lang='lat' dir='ltr'>equina</span> <span class='ocrx_word' id='word_1_66' title='bbox 858 962 1032 1017; x_wconf 85' lang='lat' dir='ltr'>globosa</span> <span class='ocrx_word' id='word_1_67' title='bbox 1053 974 1166 1011; x_wconf 46' lang='lat' dir='ltr'>sunt&gt;</span> <span class='ocrx_word' id='word_1_68' title='bbox 1199 979 1305 1004; x_wconf 84' lang='lat' dir='ltr'>mar-</span> 
     </span>
     <span class='ocr_line' id='line_1_12' title="bbox 46 1040 1306 1095; baseline 0 -16"><span class='ocrx_word' id='word_1_69' title='bbox 46 1044 141 1095; x_wconf 83' lang='lat' dir='ltr'><strong>gine</strong></span> <span class='ocrx_word' id='word_1_70' title='bbox 170 1040 475 1093; x_wconf 86' lang='lat' dir='ltr'>aliquantulum</span> <span class='ocrx_word' id='word_1_71' title='bbox 505 1040 691 1092; x_wconf 85' lang='lat' dir='ltr'>hispido,</span> <span class='ocrx_word' id='word_1_72' title='bbox 727 1041 772 1076; x_wconf 89' lang='lat' dir='ltr'>in</span> <span class='ocrx_word' id='word_1_73' title='bbox 808 1040 949 1078; x_wconf 86' lang='lat' dir='ltr'>media</span> <span class='ocrx_word' id='word_1_74' title='bbox 985 1042 1048 1077; x_wconf 90' lang='lat' dir='ltr'>sui</span> <span class='ocrx_word' id='word_1_75' title='bbox 1084 1051 1204 1092; x_wconf 81' lang='lat' dir='ltr'>parte</span> <span class='ocrx_word' id='word_1_76' title='bbox 1231 1055 1306 1080; x_wconf 89' lang='lat' dir='ltr'>nu-</span> 
     </span>
     <span class='ocr_line' id='line_1_13' title="bbox 47 1116 1308 1169; baseline 0.002 -15"><span class='ocrx_word' id='word_1_77' title='bbox 47 1117 183 1155; x_wconf 87' lang='lat' dir='ltr'>eleum</span> <span class='ocrx_word' id='word_1_78' title='bbox 215 1117 503 1155; x_wconf 82' lang='lat' dir='ltr'>obscuriorem</span> <span class='ocrx_word' id='word_1_79' title='bbox 540 1116 787 1162; x_wconf 81' lang='lat' dir='ltr'>offerentia,</span> <span class='ocrx_word' id='word_1_80' title='bbox 825 1118 868 1152; x_wconf 89' lang='lat' dir='ltr'>in</span> <span class='ocrx_word' id='word_1_81' title='bbox 904 1129 989 1169; x_wconf 87' lang='lat' dir='ltr'>quo</span> <span class='ocrx_word' id='word_1_82' title='bbox 1027 1120 1193 1168; x_wconf 82' lang='lat' dir='ltr'>saepius</span> <span class='ocrx_word' id='word_1_83' title='bbox 1223 1132 1308 1156; x_wconf 88' lang='lat' dir='ltr'>em-</span> 
     </span>
     <span class='ocr_line' id='line_1_14' title="bbox 48 1192 1308 1247; baseline 0.002 -16"><span class='ocrx_word' id='word_1_84' title='bbox 48 1193 253 1247; x_wconf 82' lang='lat' dir='ltr'>bryonem</span> <span class='ocrx_word' id='word_1_85' title='bbox 287 1203 499 1232; x_wconf 84' lang='lat' dir='ltr'>curvatum</span> <span class='ocrx_word' id='word_1_86' title='bbox 522 1195 768 1244; x_wconf 72' lang='lat' dir='ltr'>conspicere</span> <span class='ocrx_word' id='word_1_87' title='bbox 793 1192 913 1239; x_wconf 83' lang='lat' dir='ltr'>licet,</span> <span class='ocrx_word' id='word_1_88' title='bbox 943 1194 1308 1245; x_wconf 82' lang='lat' dir='ltr'>quemadmodum</span> 
     </span>
     <span class='ocr_line' id='line_1_15' title="bbox 46 1267 1310 1321; baseline 0 -12"><span class='ocrx_word' id='word_1_89' title='bbox 46 1272 99 1309; x_wconf 90' lang='lat' dir='ltr'>W</span> <span class='ocrx_word' id='word_1_90' title='bbox 112 1283 201 1309; x_wconf 90' lang='lat' dir='ltr'>ern</span> <span class='ocrx_word' id='word_1_91' title='bbox 215 1282 332 1308; x_wconf 83' lang='lat' dir='ltr'>erus</span> <span class='ocrx_word' id='word_1_92' title='bbox 363 1269 414 1318; x_wconf 87' lang='lat' dir='ltr'>(l.</span> <span class='ocrx_word' id='word_1_93' title='bbox 446 1284 479 1308; x_wconf 89' lang='lat' dir='ltr'>c.</span> <span class='ocrx_word' id='word_1_94' title='bbox 507 1284 549 1321; x_wconf 89' lang='lat' dir='ltr'>p.</span> <span class='ocrx_word' id='word_1_95' title='bbox 580 1271 668 1318; x_wconf 82' lang='lat'><strong>82.)</strong></span> <span class='ocrx_word' id='word_1_96' title='bbox 696 1271 740 1305; x_wconf 91' lang='lat' dir='ltr'>in</span> <span class='ocrx_word' id='word_1_97' title='bbox 767 1267 951 1306; x_wconf 80' lang='lat' dir='ltr'>humana</span> <span class='ocrx_word' id='word_1_98' title='bbox 978 1279 1090 1308; x_wconf 86' lang='lat' dir='ltr'>recte</span> <span class='ocrx_word' id='word_1_99' title='bbox 1119 1269 1310 1310; x_wconf 65' lang='lat' dir='ltr'>observa*</span> 
     </span>
     <span class='ocr_line' id='line_1_16' title="bbox 47 1344 1308 1399; baseline -0.002 -13"><span class='ocrx_word' id='word_1_100' title='bbox 47 1350 129 1396; x_wconf 82' lang='lat' dir='ltr'>vit,</span> <span class='ocrx_word' id='word_1_101' title='bbox 160 1348 274 1397; x_wconf 75' lang='lat' dir='ltr'>cujus</span> <span class='ocrx_word' id='word_1_102' title='bbox 306 1355 446 1384; x_wconf 85' lang='lat' dir='ltr'>autem</span> <span class='ocrx_word' id='word_1_103' title='bbox 464 1345 541 1383; x_wconf 87' lang='lat' dir='ltr'>hac</span> <span class='ocrx_word' id='word_1_104' title='bbox 559 1345 612 1383; x_wconf 91' lang='lat' dir='ltr'>de</span> <span class='ocrx_word' id='word_1_105' title='bbox 631 1358 676 1382; x_wconf 89' lang='lat' dir='ltr'>re</span> <span class='ocrx_word' id='word_1_106' title='bbox 704 1347 801 1382; x_wconf 87' lang='lat' dir='ltr'>icon</span> <span class='ocrx_word' id='word_1_107' title='bbox 830 1344 960 1391; x_wconf 85' lang='lat' dir='ltr'>(Tab.</span> <span class='ocrx_word' id='word_1_108' title='bbox 981 1345 1072 1383; x_wconf 87' lang='lat' dir='ltr'>VII.</span> <span class='ocrx_word' id='word_1_109' title='bbox 1099 1347 1185 1399; x_wconf 73' lang='lat' dir='ltr'>Fig.</span> <span class='ocrx_word' id='word_1_110' title='bbox 1203 1348 1308 1397; x_wconf 72' lang='lat'>158.)</span> 
     </span>
     <span class='ocr_line' id='line_1_17' title="bbox 48 1421 1310 1469; baseline -0.002 -7"><span class='ocrx_word' id='word_1_111' title='bbox 48 1426 188 1462; x_wconf 81' lang='lat' dir='ltr'>:minus</span> <span class='ocrx_word' id='word_1_112' title='bbox 218 1423 358 1469; x_wconf 83' lang='lat' dir='ltr'>bona,</span> <span class='ocrx_word' id='word_1_113' title='bbox 407 1422 532 1461; x_wconf 81' lang='lat' dir='ltr'>ovula</span> <span class='ocrx_word' id='word_1_114' title='bbox 561 1423 758 1459; x_wconf 62' lang='lat' dir='ltr'>nimirum</span> <span class='ocrx_word' id='word_1_115' title='bbox 793 1422 913 1458; x_wconf 85' lang='lat' dir='ltr'>nimis</span> <span class='ocrx_word' id='word_1_116' title='bbox 942 1421 1106 1469; x_wconf 84' lang='lat' dir='ltr'>villosa,</span> <span class='ocrx_word' id='word_1_117' title='bbox 1156 1432 1197 1460; x_wconf 89' lang='lat' dir='ltr'>et</span> <span class='ocrx_word' id='word_1_118' title='bbox 1226 1436 1310 1461; x_wconf 89' lang='lat' dir='ltr'>em-</span> 
     </span>
     <span class='ocr_line' id='line_1_18' title="bbox 48 1498 1311 1551; baseline 0.001 -15"><span class='ocrx_word' id='word_1_119' title='bbox 48 1498 256 1551; x_wconf 83' lang='lat' dir='ltr'>bryonem</span> <span class='ocrx_word' id='word_1_120' title='bbox 301 1511 428 1551; x_wconf 87' lang='lat' dir='ltr'>quem</span> <span class='ocrx_word' id='word_1_121' title='bbox 472 1500 640 1536; x_wconf 85' lang='lat' dir='ltr'>nonnisi</span> <span class='ocrx_word' id='word_1_122' title='bbox 670 1498 965 1548; x_wconf 84' lang='lat' dir='ltr'>corpusculum</span> <span class='ocrx_word' id='word_1_123' title='bbox 993 1498 1121 1545; x_wconf 78' lang='lat' dir='ltr'>rude,</span> <span class='ocrx_word' id='word_1_124' title='bbox 1169 1512 1311 1538; x_wconf 84' lang='lat' dir='ltr'>curva-</span> 
     </span>
     <span class='ocr_line' id='line_1_19' title="bbox 50 1573 1312 1625; baseline -0.001 -13"><span class='ocrx_word' id='word_1_125' title='bbox 50 1584 140 1613; x_wconf 82' lang='lat' dir='ltr'>tum</span> <span class='ocrx_word' id='word_1_126' title='bbox 171 1583 212 1612; x_wconf 88' lang='lat' dir='ltr'>et</span> <span class='ocrx_word' id='word_1_127' title='bbox 240 1573 579 1624; x_wconf 73' lang='lat' dir='ltr'>crassiusculum,</span> <span class='ocrx_word' id='word_1_128' title='bbox 617 1573 725 1618; x_wconf 85' lang='lat' dir='ltr'>vidi,</span> <span class='ocrx_word' id='word_1_129' title='bbox 764 1573 839 1610; x_wconf 88' lang='lat' dir='ltr'>sub</span> <span class='ocrx_word' id='word_1_130' title='bbox 878 1573 1013 1611; x_wconf 84' lang='lat' dir='ltr'>lineae</span> <span class='ocrx_word' id='word_1_131' title='bbox 1041 1573 1200 1625; x_wconf 85' lang='lat' dir='ltr'>spiralis</span> <span class='ocrx_word' id='word_1_132' title='bbox 1228 1574 1312 1612; x_wconf 84' lang='lat' dir='ltr'>for-</span> 
     </span>
     <span class='ocr_line' id='line_1_20' title="bbox 50 1649 1314 1705; baseline 0 -15"><span class='ocrx_word' id='word_1_133' title='bbox 50 1665 120 1690; x_wconf 86' lang='lat' dir='ltr'>ma</span> <span class='ocrx_word' id='word_1_134' title='bbox 150 1649 328 1690; x_wconf 84' lang='lat' dir='ltr'>exhibet.</span> <span class='ocrx_word' id='word_1_135' title='bbox 391 1650 625 1705; x_wconf 86' lang='lat' dir='ltr'>Tysonis</span> <span class='ocrx_word' id='word_1_136' title='bbox 668 1649 755 1687; x_wconf 83' lang='lat' dir='ltr'>fere</span> <span class='ocrx_word' id='word_1_137' title='bbox 790 1651 956 1687; x_wconf 88' lang='lat' dir='ltr'>iconem</span> <span class='ocrx_word' id='word_1_138' title='bbox 984 1650 1195 1689; x_wconf 85' lang='lat' dir='ltr'>redditam</span> <span class='ocrx_word' id='word_1_139' title='bbox 1226 1663 1314 1690; x_wconf 86' lang='lat' dir='ltr'>esse</span> 
     </span>
     <span class='ocr_line' id='line_1_21' title="bbox 54 1724 1313 1779; baseline 0 -13"><span class='ocrx_word' id='word_1_140' title='bbox 54 1727 238 1772; x_wconf 87' lang='lat' dir='ltr'>diceres,</span> <span class='ocrx_word' id='word_1_141' title='bbox 277 1728 350 1779; x_wconf 85' lang='lat' dir='ltr'>qui</span> <span class='ocrx_word' id='word_1_142' title='bbox 387 1739 521 1779; x_wconf 85' lang='lat' dir='ltr'>aeque</span> <span class='ocrx_word' id='word_1_143' title='bbox 554 1725 700 1765; x_wconf 87' lang='lat' dir='ltr'>villosa</span> <span class='ocrx_word' id='word_1_144' title='bbox 733 1724 893 1779; x_wconf 39' lang='lat' dir='ltr'>habet)v</span> <span class='ocrx_word' id='word_1_145' title='bbox 926 1726 1313 1766; x_wconf 75' lang='lat' dir='ltr'>Vallisnierius</span> 
     </span>
     <span class='ocr_line' id='line_1_22' title="bbox 53 1801 1315 1857; baseline -0.002 -15"><span class='ocrx_word' id='word_1_146' title='bbox 53 1803 177 1842; x_wconf 83' lang='lat' dir='ltr'>ovula</span> <span class='ocrx_word' id='word_1_147' title='bbox 204 1803 296 1841; x_wconf 86' lang='lat' dir='ltr'>Asc.</span> <span class='ocrx_word' id='word_1_148' title='bbox 338 1801 488 1840; x_wconf 90' lang='lat' dir='ltr'>lumbr.</span> <span class='ocrx_word' id='word_1_149' title='bbox 533 1803 730 1841; x_wconf 86' lang='lat' dir='ltr'>vitulinae</span> <span class='ocrx_word' id='word_1_150' title='bbox 773 1805 895 1841; x_wconf 88' lang='lat' dir='ltr'>etiam</span> <span class='ocrx_word' id='word_1_151' title='bbox 924 1802 1100 1857; x_wconf 82' lang='lat' dir='ltr'>globosa</span> <span class='ocrx_word' id='word_1_152' title='bbox 1129 1803 1315 1849; x_wconf 80' lang='lat' dir='ltr'>exhibet;</span> 
     </span>
     <span class='ocr_line' id='line_1_23' title="bbox 53 1879 1345 1933; baseline -0.001 -14"><span class='ocrx_word' id='word_1_153' title='bbox 53 1881 285 1919; x_wconf 89' lang='lat' dir='ltr'>Goezius</span> <span class='ocrx_word' id='word_1_154' title='bbox 325 1883 391 1930; x_wconf 87' lang='lat' dir='ltr'>(p.</span> <span class='ocrx_word' id='word_1_155' title='bbox 420 1879 511 1930; x_wconf 78' lang='lat'>69.)</span> <span class='ocrx_word' id='word_1_156' title='bbox 551 1888 690 1917; x_wconf 86' lang='lat' dir='ltr'>autem</span> <span class='ocrx_word' id='word_1_157' title='bbox 719 1879 856 1917; x_wconf 81' lang='lat' dir='ltr'>ovalia</span> <span class='ocrx_word' id='word_1_158' title='bbox 894 1888 933 1918; x_wconf 89' lang='lat' dir='ltr'>et</span> <span class='ocrx_word' id='word_1_159' title='bbox 960 1879 1103 1933; x_wconf 83' lang='lat' dir='ltr'>glabra</span> <span class='ocrx_word' id='word_1_160' title='bbox 1130 1892 1316 1931; x_wconf 87' lang='lat' dir='ltr'>pronun·</span> <span class='ocrx_word' id='word_1_161' title='bbox 1342 1898 1345 1901; x_wconf 94' lang='lat'>·</span> 
     </span>
     <span class='ocr_line' id='line_1_24' title="bbox 56 1956 1317 2010; baseline -0.002 -14"><span class='ocrx_word' id='word_1_162' title='bbox 56 1958 225 2005; x_wconf 84' lang='lat' dir='ltr'>tiando,</span> <span class='ocrx_word' id='word_1_163' title='bbox 268 1957 345 2010; x_wconf 88' lang='lat' dir='ltr'>Ty</span> <span class='ocrx_word' id='word_1_164' title='bbox 362 1968 538 1994; x_wconf 84' lang='lat' dir='ltr'>sonem</span> <span class='ocrx_word' id='word_1_165' title='bbox 577 1956 699 1994; x_wconf 86' lang='lat' dir='ltr'>aliter</span> <span class='ocrx_word' id='word_1_166' title='bbox 727 1958 973 1995; x_wconf 84' lang='lat' dir='ltr'>sentientem</span> <span class='ocrx_word' id='word_1_167' title='bbox 1004 1959 1148 2008; x_wconf 78' lang='lat' dir='ltr'>carpit.</span> <span class='ocrx_word' id='word_1_168' title='bbox 1221 1957 1317 2008; x_wconf 85' lang='lat' dir='ltr'>Ipse</span> 
     </span>
     <span class='ocr_line' id='line_1_25' title="bbox 59 2032 1316 2086; baseline -0.002 -13"><span class='ocrx_word' id='word_1_169' title='bbox 59 2035 184 2073; x_wconf 86' lang='lat' dir='ltr'>ovula</span> <span class='ocrx_word' id='word_1_170' title='bbox 217 2035 312 2073; x_wconf 81' lang='lat' dir='ltr'>Asc.</span> <span class='ocrx_word' id='word_1_171' title='bbox 349 2032 501 2071; x_wconf 88' lang='lat' dir='ltr'>lumbr.</span> <span class='ocrx_word' id='word_1_172' title='bbox 535 2035 737 2086; x_wconf 76' lang='lat' dir='ltr'>equinae,</span> <span class='ocrx_word' id='word_1_173' title='bbox 788 2033 1150 2086; x_wconf 78' lang='lat' dir='ltr'>quemadmodum</span> <span class='ocrx_word' id='word_1_174' title='bbox 1177 2033 1316 2081; x_wconf 85' lang='lat' dir='ltr'>retuli,</span> 
     </span>
     <span class='ocr_line' id='line_1_26' title="bbox 58 2109 1318 2165; baseline -0.002 -16"><span class='ocrx_word' id='word_1_175' title='bbox 58 2111 251 2165; x_wconf 78' lang='lat' dir='ltr'>globosa3</span> <span class='ocrx_word' id='word_1_176' title='bbox 299 2109 443 2149; x_wconf 85' lang='lat' dir='ltr'>suillae</span> <span class='ocrx_word' id='word_1_177' title='bbox 482 2119 523 2148; x_wconf 88' lang='lat' dir='ltr'>et</span> <span class='ocrx_word' id='word_1_178' title='bbox 560 2109 769 2149; x_wconf 84' lang='lat' dir='ltr'>humanae</span> <span class='ocrx_word' id='word_1_179' title='bbox 799 2119 937 2148; x_wconf 83' lang='lat' dir='ltr'>autem</span> <span class='ocrx_word' id='word_1_180' title='bbox 966 2115 1158 2162; x_wconf 83' lang='lat' dir='ltr'>&lt;praeter</span> <span class='ocrx_word' id='word_1_181' title='bbox 1185 2123 1318 2153; x_wconf 85' lang='lat' dir='ltr'>unum</span> 
     </span>
     <span class='ocr_line' id='line_1_27' title="bbox 61 2186 1321 2241; baseline -0.002 -15"><span class='ocrx_word' id='word_1_182' title='bbox 61 2189 289 2226; x_wconf 80' lang='lat' dir='ltr'>alterumve</span> <span class='ocrx_word' id='word_1_183' title='bbox 316 2186 571 2241; x_wconf 83' lang='lat' dir='ltr'>globosum)</span> <span class='ocrx_word' id='word_1_184' title='bbox 601 2189 741 2225; x_wconf 85' lang='lat' dir='ltr'>omnia</span> <span class='ocrx_word' id='word_1_185' title='bbox 770 2186 906 2225; x_wconf 84' lang='lat' dir='ltr'>ovalia</span> <span class='ocrx_word' id='word_1_186' title='bbox 934 2188 1093 2237; x_wconf 80' lang='lat' dir='ltr'>reperi,</span> <span class='ocrx_word' id='word_1_187' title='bbox 1134 2188 1321 2240; x_wconf 75' lang='lat' dir='ltr'>margine</span> 
     </span>
     <span class='ocr_line' id='line_1_28' title="bbox 60 2262 1322 2316; baseline -0.001 -14"><span class='ocrx_word' id='word_1_188' title='bbox 60 2274 202 2302; x_wconf 80' lang='lat' dir='ltr'>tamen</span> <span class='ocrx_word' id='word_1_189' title='bbox 229 2262 414 2302; x_wconf 83' lang='lat' dir='ltr'>similiter</span> <span class='ocrx_word' id='word_1_190' title='bbox 441 2263 624 2316; x_wconf 63' lang='lat' dir='ltr'>hispido,</span> <span class='ocrx_word' id='word_1_191' title='bbox 685 2263 882 2315; x_wconf 74' lang='lat' dir='ltr'>Eiliptica</span> <span class='ocrx_word' id='word_1_192' title='bbox 907 2263 1066 2302; x_wconf 85' lang='lat' dir='ltr'>idcirco</span> <span class='ocrx_word' id='word_1_193' title='bbox 1093 2265 1322 2301; x_wconf 83' lang='lat' dir='ltr'>immatura</span> 
     </span>
     <span class='ocr_line' id='line_1_29' title="bbox 64 2338 1319 2394; baseline -0.001 -16"><span class='ocrx_word' id='word_1_194' title='bbox 64 2340 271 2386; x_wconf 87' lang='lat' dir='ltr'>dicerem,</span> <span class='ocrx_word' id='word_1_195' title='bbox 319 2352 418 2378; x_wconf 86' lang='lat' dir='ltr'>nam</span> <span class='ocrx_word' id='word_1_196' title='bbox 461 2355 570 2394; x_wconf 86' lang='lat' dir='ltr'>quae</span> <span class='ocrx_word' id='word_1_197' title='bbox 599 2341 832 2379; x_wconf 81' lang='lat' dir='ltr'>Goezius</span> <span class='ocrx_word' id='word_1_198' title='bbox 877 2350 916 2379; x_wconf 89' lang='lat' dir='ltr'>et</span> <span class='ocrx_word' id='word_1_199' title='bbox 952 2352 1028 2394; x_wconf 82' lang='lat' dir='ltr'>ego</span> <span class='ocrx_word' id='word_1_200' title='bbox 1065 2338 1319 2377; x_wconf 80' lang='lat' dir='ltr'>inhumana</span> 
     </span>
     <span class='ocr_line' id='line_1_30' title="bbox 63 2414 1319 2470; baseline -0.002 -16"><span class='ocrx_word' id='word_1_201' title='bbox 63 2416 166 2455; x_wconf 83' lang='lat' dir='ltr'>talia</span> <span class='ocrx_word' id='word_1_202' title='bbox 194 2416 521 2463; x_wconf 83' lang='lat' dir='ltr'>observavimus,</span> <span class='ocrx_word' id='word_1_203' title='bbox 551 2418 750 2470; x_wconf 85' lang='lat' dir='ltr'>Tysoni</span> <span class='ocrx_word' id='word_1_204' title='bbox 789 2426 830 2455; x_wconf 87' lang='lat' dir='ltr'>et</span> <span class='ocrx_word' id='word_1_205' title='bbox 856 2417 1114 2456; x_wconf 78' lang='lat' dir='ltr'>wernero</span> <span class='ocrx_word' id='word_1_206' title='bbox 1142 2414 1319 2469; x_wconf 82' lang='lat' dir='ltr'>globosa</span> 
     </span>
    </p>
   </div>
   <div class='ocr_carea' id='block_1_3' title="bbox 64 2491 1322 2544">
    <p class='ocr_par' dir='ltr' id='par_1_4' title="bbox 64 2491 1322 2544">
     <span class='ocr_line' id='line_1_31' title="bbox 64 2491 1322 2544; baseline -0.002 -13"><span class='ocrx_word' id='word_1_207' title='bbox 64 2495 172 2539; x_wconf 55' lang='lat' dir='ltr'>visan</span> <span class='ocrx_word' id='word_1_208' title='bbox 219 2506 300 2532; x_wconf 84' lang='lat' dir='ltr'>nec</span> <span class='ocrx_word' id='word_1_209' title='bbox 344 2491 707 2533; x_wconf 75' lang='lat' dir='ltr'>Vallisnierio</span> <span class='ocrx_word' id='word_1_210' title='bbox 753 2492 986 2541; x_wconf 80' lang='lat' dir='ltr'>vitulinae,</span> <span class='ocrx_word' id='word_1_211' title='bbox 1030 2505 1108 2532; x_wconf 83' lang='lat' dir='ltr'>nec</span> <span class='ocrx_word' id='word_1_212' title='bbox 1145 2493 1322 2544; x_wconf 83' lang='lat' dir='ltr'>equinae</span> 
     </span>
    </p>
   </div>
  </div>
 </body>
</html>
