1801 3066
1241 198 1317 238 271

49 291 235 344 indeque
264 290 533 330 substantiam
564 284 799 323 eorundem
821 284 1060 327 cellulosam
1086 288 1319 329 humectari

50 371 280 407 statuerim.
339 362 650 416 Abilgaard,
692 364 754 400 vir
782 361 857 401 cel.
888 362 1034 414 (Zool.
1075 367 1183 404 Dan.
1220 364 1319 406 Vol.

48 445 120 486 ΙΙΙ,
149 459 190 496 p.
219 444 307 492 52.)
362 440 559 477 Taenias
590 440 866 493 perfoliacas
900 441 946 477 in
981 442 1081 492 equi
1116 443 1320 482 intestinis

47 520 313 561 inflammatis
341 526 380 556 et
409 516 759 570 sanguinolentiS,
796 528 886 554 non
922 518 967 553 in
1005 517 1224 567 superficie
1252 532 1317 556 so-

47 595 265 636 lummodo
290 594 364 633 sed
391 607 469 645 per
495 601 624 630 totam
654 594 843 643 corporis
866 591 1141 631 substantiam
1169 592 1317 631 rubras

44 674 223 716 inve-nin
270 679 388 709 erant
423 681 601 722 quarum
636 679 770 704 unum
808 668 917 706 latus
947 679 988 707 et
1017 682 1194 722 quarum
1222 682 1319 721 pars

46 751 211 802 postica
237 746 364 786 rubra
390 746 480 783 fuit.
534 745 662 783 Lacte
699 743 825 784 flavas
862 747 907 783 in
942 744 1122 785 humore
1151 745 1317 794 bili-oso,

46 824 182 863 fuscas
210 827 254 862 in
281 824 482 861 intestinis
511 824 668 868 crassis,
694 821 920 860 albissimas
948 824 992 861 in
1015 834 1140 861 succo
1161 824 1319 861 intesti-

46 902 132 940 nali
158 901 320 953 puriori
346 899 542 950 reperIri,
582 898 779 952 adeoque
806 907 938 936 totam
967 912 1109 938 earum
1147 898 1319 952 superfi-

47 980 155 1016 ciem
178 977 390 1022 hufflores‚
420 975 570 1029 quibus
601 973 928 1023 circumdantur,
962 976 1185 1015 absorbere
1207 977 1319 1015 wide-

48 1057 97 1101 ri,
126 1054 242 1092 idem
272 1052 402 1091 addit.
459 1052 555 1103 Ipse
585 1052 687 1089 dum
714 1051 891 1089 Lutetiis
918 1052 1175 1090 Parisiorum
1205 1067 1320 1091 com-

46 1143 249 1177 morarer,
281 1129 496 1166 Taeniam
524 1127 809 1166 tenuia-ollem
830 1127 932 1167 mihi
960 1129 1115 1168 dictam
1144 1129 1222 1179 (ab
1251 1143 1319 1168 ur-

48 1220 94 1248 so
117 1209 331 1246 maritimo
362 1205 583 1257 dejectam)
615 1218 638 1243 a
662 1204 896 1244 Cuviero
923 1208 1014 1244 viro
1035 1220 1222 1255 summo,
1245 1206 1321 1245 do-

48 1298 106 1325 no
136 1284 292 1329 datam,
318 1281 574 1334 vasculoque
603 1283 754 1333 spiritu
781 1284 866 1319 vini
890 1281 1055 1334 repleto
1076 1285 1320 1333 immissam,

50 1363 118 1400 cui
145 1368 294 1412 postea
322 1359 486 1397 Coccos
517 1357 677 1409 aliquot
716 1357 834 1395 Cacti
861 1356 936 1395 cel.
972 1355 1211 1396 Thouini
1237 1358 1322 1408 {be-

50 1437 290 1477 nevolentia
319 1443 538 1486 acceptos,
576 1436 690 1472 vivos
718 1434 948 1483 injecerim,
996 1433 1112 1473 brevi
1141 1448 1321 1474 amoene

50 1513 204 1552 rubere
231 1512 341 1556 vidi3
378 1512 525 1562 spiritu
551 1518 701 1561 postea
733 1509 792 1547 bis
825 1518 989 1548 mutato
1019 1513 1222 1563 annisque
1251 1523 1321 1549 sex

51 1588 200 1641 elapsis
227 1585 361 1625 rubor
399 1593 541 1623 tamen
576 1587 744 1639 insignis
780 1588 1001 1633 remansit,
1037 1599 1118 1625 nec
1152 1587 1323 1639 superfi-

21 1685 28 1690 -
51 1668 158 1705 ciem
186 1673 364 1712 tantum,
392 1661 467 1701 sed
495 1670 629 1701 totam
658 1663 744 1713 ejus
768 1661 1059 1701 substantiam
1075 1662 1219 1701 colore
1246 1665 1322 1700 im-

49 1742 197 1782 butam
223 1740 403 1780 invenio.
458 1738 502 1776 Si
528 1739 678 1777 vermis
708 1748 849 1777 autem
877 1741 1027 1791 spiritu
1053 1742 1136 1777 vini
1158 1753 1324 1778 conser-

5 1866 9 1868 ,
49 1828 194 1868 vatus,
237 1816 454 1870 indeoque
482 1823 742 1864 contractus,
792 1825 1011 1869 tantopere
1046 1819 1215 1869 pervius
1246 1826 1321 1861 est,

50 1898 132 1936 vivi
157 1903 268 1934 certe
297 1902 437 1932 cutem
466 1905 619 1946 magna
648 1891 904 1935 absorbendi.
929 1896 968 1931 vi
987 1895 1232 1932 instructam
1262 1907 1323 1932 es·

51 1986 109 2021 se,
140 1970 395 2026 collegerim.
452 1967 575 2009 Conf.
604 1967 726 2020 hujus
763 1969 923 2022 Capitis
959 1972 997 2021 5.
1025 1971 1061 2009 6.
1102 1970 1175 2009 ubi
1211 1969 1321 2009 Tae-

49 2051 218 2090 niarum
231 2060 331 2088 vasa
344 2044 675 2086 absorbentiavv
687 2059 708 2084 e
719 2057 778 2085 rn
789 2059 842 2085 er
853 2059 878 2087 0
894 2046 1007 2086 dicta
1024 2046 1322 2099 dijudicantur.

633 2126 669 2174 ς.
699 2131 740 2171 5.

267 2201 569 2261 Cyscicorum
599 2201 878 2243 nucricionis
909 2215 1112 2259 organa.

129 2285 384 2324 Paucissima
411 2295 521 2332 sunt,
552 2296 662 2337 quae
691 2283 745 2323 de
773 2283 834 2323 his
862 2285 1021 2328 referre
1047 2276 1166 2325 licet(

136 2361 375 2414 Cysticerci
417 2363 656 2399 nutritionis
701 2373 858 2415 organa
896 2360 1120 2413 plurimam
1156 2368 1323 2413 partem

55 2438 207 2478 eadem
237 2451 285 2477 ac
313 2437 512 2477 Taeniae.
568 2438 707 2491 Caput
743 2437 896 2477 osculis
933 2439 1146 2485 suctoriis,
1193 2448 1321 2487 saepe

55 2518 215 2571 magnis
245 2524 286 2555 et
314 2512 566 2556 exstantibus
591 2516 856 2565 instructum,
885 2514 1130 2555 destitutum
1153 2525 1241 2560 ore,
1270 2513 1324 2551 si-
