1801 3066
1335 157 1384 198 13

159 259 369 308 tabulam,
420 270 443 296 a
473 255 521 297 cl.
550 255 642 294 viro
676 251 911 299 conditam,
934 246 1080 293 'notas
1119 261 1281 293 tantum
1314 270 1382 296 ex-

160 347 300 376 ternas
333 332 488 374 offerre
517 329 770 375 dolendum,
813 333 845 367 si
875 329 1075 367 fabricam
1108 333 1215 368 enim
1248 341 1380 370 atten-

161 414 312 460 disset,
368 407 582 462 Phytozoa
620 406 671 445 ab
710 407 909 445 Entozois
949 409 1081 460 magis
1122 407 1277 446 distare
1317 411 1381 446 in-

158 491 349 528 venisset.

105 572 168 612 23.
208 561 396 603 Caroli
434 572 458 600 a
493 555 668 599 Linne
716 560 907 616 Systema
941 561 1130 599 Naturae
1171 572 1271 599 cura
1308 560 1379 599 Jo.

157 639 296 679 Frid.
334 635 558 679 Gmelin.
620 637 670 676 T.
709 638 739 676 Ι.
783 639 827 677 P.
864 637 936 677 VI.
976 639 1110 690 (Lips.
1164 643 1263 689 1789
1310 646 1382 675 aut

161 719 296 770 1790.)
334 723 372 761 8.
401 715 428 739 ⁴<
466 713 547 752 huc
585 724 776 766 spectant
811 726 854 766 p.
882 718 999 765 5024.
1037 727 1080 766 p.
1110 718 1380 765 5029-5081.

157 794 388 833 Linnaei
430 801 610 845 systema
653 804 744 830 non
785 790 965 842 amplius
1011 791 1096 829 dici
1130 793 1300 842 nequit,
1357 802 1382 828 a

157 883 243 923 quo
272 871 416 921 itaque
445 867 727 920 separandum
757 869 868 906 duxi.
924 866 1205 906 Gmelinus
1235 860 1382 907 aucto-

154 958 249 985 rum
276 944 558 997 plurimorum
585 943 903 985 observationes
929 948 1164 998 congessit,
1193 945 1270 983 sed
1297 955 1384 983 tarn

153 1023 311 1077 judicio
361 1031 404 1060 et
447 1023 706 1073 experientia
752 1034 879 1073 quam
928 1020 1118 1060 sollertia
1157 1012 1380 1060 destitutus

154 1097 336 1151 plurima
365 1100 532 1137 miscuit
562 1107 603 1136 et
630 1090 862 1150 ir'nplicnit,
900 1107 946 1136 ut
975 1101 1020 1137 in
1056 1099 1300 1154 synonymis
1330 1096 1383 1135 ab

155 1175 313 1214 eodem
341 1175 570 1228 perperam
599 1173 812 1228 allegatis,
843 1174 1115 1225 extricandis,
1145 1176 1190 1216 C.
1212 1176 1261 1215 A.
1289 1174 1384 1214 Ru-

157 1250 289 1305 dolp
304 1249 355 1289 hi
383 1261 425 1290 et
452 1251 697 1290 zederus
726 1250 906 1290 multum
933 1252 1250 1291 desudaverint.
1274 1274 1277 1278 ·
1314 1269 1316 1271 ·

101 1330 165 1377 24.
193 1325 388 1366 Tableau
405 1324 775 1381 encyc10pedique
803 1337 847 1366 et
873 1323 1152 1381 methodique
1184 1328 1383 1368 ‘des‘trois

153 1415 306 1456 regnes
322 1401 434 1440 dela
454 1412 618 1440 nature.
644 1399 1067 1456 L'Heiminthologie
1086 1417 1166 1454 par
1180 1404 1239 1442 M.
1256 1405 1289 1443 B
1302 1418 1384 1442 ru-

154 1480 372 1530 guiere,
395 1475 419 1516 ἑι
441 1478 554 1516 Paris
578 1477 778 1527 1791.4.*
816 1476 912 1514 Huc
931 1480 1148 1528 pertinent
1167 1492 1207 1529 p.
1219 1483 1395 1524 85-1oo.'

152 1565 194 1604 p.
220 1556 422 1602 104-131.
452 1552 558 1591 Tab.
586 1557 739 1604 29-53.
769 1550 874 1589 Tab.
897 1552 1189 1596 55-5osT3b.
1213 1568 1285 1606 79,
1317 1562 1380 1601 80.

155 1625 467 1667 Gmelinum
494 1627 586 1667 fere
617 1629 841 1679 excerpsit,
871 1631 1067 1667 icones⁴a
1097 1628 1379 1681 Pallass10‚

151 1703 417 1754 Miillero,
463 1700 697 1744 Blochio
735 1714 776 1742 et
812 1706 1018 1745 Goezio
1047 1710 1273 1756 mutuavit,
1316 1710 1382 1747 rei

155 1783 430 1834 ceteroquin,
478 1784 546 1820 cui
584 1794 627 1820 se
664 1784 922 1836 accingeret,
969 1786 1144 1821 minime
1184 1784 1379 1824 idoneus.

152 1859 374 1910 Propriam
401 1859 478 1896 viri
507 1857 852 1897 observationem
880 1871 970 1898 non
996 1861 1186 1910 invenio,
1234 1864 1309 1914 qui
1328 1871 1380 1900 et

152 1945 316 1975 vermes
337 1933 646 1988 vulgatissimos
666 1937 882 1989 ignorasse
900 1936 1090 1986 videtur,
1113 1951 1212 1976 nam
1233 1937 1379 1978 Stron-

154 2009 299 2066 gylum
329 2012 575 2064 giganteum
604 2009 705 2050 mihi
735 2012 915 2061 dictum,
961 2014 1005 2050 in
1032 2011 1125 2065 lupi
1150 2014 1324 2054 renibus
1354 2029 1379 2054 a

154 2086 231 2126 cel.
267 2085 427 2126 Klein
464 2086 700 2138 detectum,
748 2102 797 2127 ex
833 2087 951 2141 hujus
986 2092 1114 2130 icone
1142 2103 1224 2143 pro
1251 2092 1379 2132 Asca-

139 2163 250 2202 ·ride
284 2161 569 2202 lumbricoide
608 2165 962 2218 (diversissimal)
1001 2167 1170 2214 vendit3
1208 2167 1377 2208 Fascio·

155 2234 240 2276 la'm
272 2240 510 2293 (Distorna)
538 2240 754 2282 Molluscis
784 2242 902 2283 addit
930 2252 972 2283 et
999 2244 1236 2285 Lernaeam
1264 2247 1379 2285 inter

156 2323 200 2352 et
236 2314 470 2355 Planariam
505 2315 701 2358 collocat.
764 2320 1079 2362 Proboscideae
1118 2333 1250 2376 genus
1285 2333 1377 2360 non

153 2388 265 2429 male
286 2395 452 2443 posuit,
480 2397 640 2448 species
664 2406 804 2436 autem
832 2397 988 2438 alienas
1017 2380 1374 2452 (Ophio}tomata,

152 2465 446 2524 Liorhynchos
465 2479 508 2511 et
531 2484 656 2512 veros
673 2473 1074 2530 Echinorhynchos)
1102 2478 1322 2516 immiscet.
