1801 3066
472 170 494 182 U

443 177 522 210 202

523 272 667 312 Partes
706 277 811 311 v‘ero
850 268 1121 326 duriusculae
1156 271 1201 308 in
1237 267 1431 321 plurimis
1474 281 1714 312 occurrunt.

443 349 654 389 Ascaridis
691 350 802 387 enim
849 350 933 385 oris
965 347 1155 386 valvulae
1186 347 1402 400 compagis
1432 339 1716 398 satis‘firmaffi
1750 368 1757 374 Χ

445 425 521 464 sed
561 435 763 478 quantum
791 423 894 463 mihi
921 424 1115 471 videtur,
1165 427 1337 463 nonnisi
1366 438 1416 463 ex
1445 417 1647 462 c'ellulosa
1677 433 1719 464 et

443 500 559 540 fibris
600 505 851 541 constantes.
918 499 1188 544 proboscidis
1226 496 1427 553 vaginula
1466 503 1509 538 in
1537 500 1721 540 Echino-

443 576 638 632 rhynchis
671 578 796 616 obvia
819 588 860 616 et
889 591 1015 629 supra
1045 577 1257 627 descripta
1288 576 1529 615 duriuscula
1559 587 1600 616 et
1627 577 1723 618 fere

446 654 728 711 cartilaginea.
785 654 905 693 Idem
936 657 1061 692 etiam
1102 654 1155 692 de
1187 654 1375 704 eumdem
1405 657 1574 708 generis
1603 656 1722 692 unci-

443 730 553 771 nulis
591 731 703 770 valet
731 733 774 768 in
810 730 1071 782 probosmde
1101 733 1366 782 conspicuis,
1409 744 1594 782 quorum
1623 744 1722 770 acu-

443 822 543 847 men
573 811 658 846 cuti
693 817 865 846 nostrae
894 810 1049 847 resistit
1079 818 1120 846 et
1150 807 1332 846 eandem
1359 807 1451 846 fere
1479 809 1723 859 impressio-

444 895 544 921 nem
574 883 724 932 efficit,
755 898 802 923 ac
830 887 865 924 si
895 899 971 924 acu
1001 886 1278 938 tetigerimus.
1348 887 1449 924 Non
1476 894 1619 936 potest
1647 887 1724 923 ita-

447 972 530 1012 que
560 958 675 1009 sieri,
715 964 818 1014 quin
848 961 1055 1013 ejusmodi
1084 963 1128 999 in
1156 961 1320 1001 casibus
1351 960 1461 1001 telae
1491 960 1721 1017 celiuJosae

448 1035 611 1087 aliquid
652 1037 842 1079 additum
880 1042 955 1088 sit,
1004 1052 1089 1090 quo
1128 1037 1317 1091 partibus
1357 1039 1529 1077 durities
1567 1036 1723 1076 isthaec

445 1114 617 1167 insignis
648 1114 920 1164 concilietur,
962 1114 1153 1168 aliaeque
1184 1129 1365 1154 corneae
1395 1115 1642 1154 reddantur.

527 1191 595 1228 De
636 1191 790 1230 aculeis
828 1196 1033 1246 uncisque
1074 1192 1310 1230 disserendi
1338 1191 1456 1230 locus
1486 1194 1617 1245 magis
1649 1205 1726 1244 op-

448 1276 661 1319 portunus
691 1282 780 1308 non
807 1271 1067 1309 invenietur.
1115 1267 1263 1306 Nullus
1294 1268 1588 1307 Entozoorum
1611 1268 1722 1308 ordo

446 1344 496 1380 iis
537 1354 673 1393 caret,
712 1347 825 1383 varie
856 1354 997 1382 tamen
1034 1346 1078 1382 in
1105 1345 1227 1381 variis
1259 1347 1474 1382 constituti
1513 1356 1620 1383 sunt.
1675 1346 1725 1384 In

448 1418 768 1459 Nematoideis
811 1422 1023 1459 rarissime
1074 1429 1323 1464 occurrunt;
1385 1420 1727 1473 Trichoceplmli

451 1499 661 1536 urminati
695 1512 823 1550 supra
860 1497 959 1536 dicti
990 1495 1117 1551 caput
1145 1506 1385 1535 truncatum
1413 1499 1529 1536 uncis
1559 1495 1724 1537 reflexis

451 1573 567 1613 duris
599 1577 832 1623 continuis,
862 1588 937 1613 seu
966 1574 1056 1613 basi
1085 1588 1108 1612 a
1138 1576 1274 1626 capite
1302 1587 1392 1612 non
1421 1557 1610 1612 disc'reiss
1641 1584 1724 1612 ter-

448 1652 674 1696 minatum;
723 1650 952 1704 Scrongyli
999 1651 1173 1687 armati
1219 1648 1332 1687 bulla
1379 1663 1558 1699 cornea,
1583 1653 1724 1703 ·cujus

449 1729 715 1765 mentionem
754 1728 858 1778 feci,
916 1728 1051 1765 antice
1093 1725 1246 1779 aculeis
1287 1728 1409 1764 rectis
1451 1729 1725 1773 terminatur;

450 1806 604 1841 vermis
645 1794 830 1857 denique
868 1805 1047 1842 maxime
1077 1801 1321 1855 singularis,
1366 1805 1478 1855 cujus
1507 1804 1551 1840 in
1579 1801 1726 1841 Scolo-

450 1882 565 1931 pacis
608 1880 848 1918 Gallinulae
893 1878 1142 1931 oesophago
1192 1892 1264 1917 sex
1299 1881 1442 1931 reperi
1478 1882 1722 1931 specimina,

451 1970 665 2008 quemque
697 1957 749 1995 ad
777 1955 994 2010 Strongyli
1023 1969 1155 2010 genus
1177 1954 1305 1993 dubie
1327 1955 1486 2005 refero,
1517 1956 1725 2008 Strongy-
1748 1946 1751 1951 ¹

449 2033 517 2071 lus
554 2033 769 2072 horridus
805 2031 908 2071 mihi
947 2033 1107 2080 dictus,
1151 2042 1336 2084 quatuor
1376 2031 1619 2070 aculeorum
1658 2046 1725 2071 re-

448 2108 658 2147 nexorum
697 2111 825 2149 series
863 2112 909 2147 in
949 2107 1134 2160 corpore
1171 2107 1501 2161 longitudinales
1544 2106 1721 2148 exhibet.

447 2186 871 2239 Acanclcoceplcalis
897 2184 965 2224 vel
993 2184 1221 2237 proboscis
1242 2182 1357 2231 sola,
1397 2183 1464 2222 vel
1495 2194 1536 2222 et
1567 2198 1722 2236 corpus

450 2261 574 2300 simul
611 2265 728 2301 uncis
770 2264 925 2303 conicis
971 2271 1013 2300 et
1051 2262 1179 2299 acutis
1224 2269 1405 2297 armata:
1456 2260 1722 2313 proboscidIS

450 2337 588 2376 aculei
616 2338 747 2389 firmi,
776 2337 944 2389 reflexi,
989 2337 1176 2376 seriebus
1204 2335 1607 2390 longitudinalibus,
1647 2350 1723 2375 seu

449 2416 592 2466 potius
620 2417 665 2455 in
694 2419 998 2468 quincuncem,
1040 2415 1251 2465 dispositi;
1301 2416 1428 2452 series
1469 2413 1721 2466 quibusdam

449 2504 637 2547 paucae,
666 2491 875 2543 plurimae
904 2491 1012 2538 aliis;
1046 2489 1144 2529 colli
1175 2492 1420 2542 corporisve
1454 2489 1615 2538 aculei,
1649 2489 1722 2542 qui
